@article{Wouters2013,
    title = {{A meta-analysis of the cognitive and motivational effects of serious games.}},
    year = {2013},
    journal = {Journal of Educational Psychology},
    author = {Wouters, Pieter and van Nimwegen, Christof and van Oostendorp, Herre and van der Spek, Erik D.},
    number = {2},
    pages = {249--265},
    volume = {105},
    url = {http://doi.apa.org/getdoi.cfm?doi=10.1037/a0031311},
    isbn = {0022-0663{\textbackslash}n1939-2176},
    doi = {10.1037/a0031311},
    issn = {1939-2176},
    keywords = {cognition, computer games for the, game-based learning, games or game-based learning, in the last decade, in this, instruction, meta-analysis, motivation, often, purpose of learning and, referred to as serious, researchers have propagated the, serious games, use of}
}

@article{Hamari2016,
    title = {{Challenging games help students learn: An empirical study on engagement, flow and immersion in game-based learning}},
    year = {2015},
    journal = {Computers in Human Behavior},
    author = {Hamari, Juho and Shernoff, David J. and Rowe, Elizabeth and Coller, Brianno and Asbell-Clarke, Jodi and Edwards, Teon},
    pages = {170--179},
    volume = {54},
    publisher = {Elsevier Ltd},
    url = {http://dx.doi.org/10.1016/j.chb.2015.07.045},
    isbn = {0747-5632},
    doi = {10.1016/j.chb.2015.07.045},
    issn = {07475632},
    keywords = {Engagement, Flow, Game-based learning, Gamification, Immersion, Serious games}
}

@article{Hamari2014,
    title = {{Does gamification work? - A literature review of empirical studies on gamification}},
    year = {2014},
    journal = {Proceedings of the Annual Hawaii International Conference on System Sciences},
    author = {Hamari, Juho and Koivisto, Jonna and Sarsa, Harri},
    pages = {3025--3034},
    isbn = {9781479925049},
    doi = {10.1109/HICSS.2014.377},
    issn = {15301605},
    pmid = {25246403},
    arxivId = {arXiv:1011.1669v3}
}

@article{Gottfried1985,
    title = {{Academic intrinsic motivation in elementary and junior high school students.}},
    year = {1985},
    journal = {Journal of Educational Psychology},
    author = {Gottfried, Ae},
    number = {6},
    pages = {631--645},
    volume = {77},
    url = {10.1037/0022-0663.77.6.631%5Cnhttp://proxy.lib.umich.edu/login?url=http://search.ebscohost.com/login.aspx?direct=true&db=pdh&AN=1986-15743-001&site=ehost-live&scope=site},
    isbn = {1939-2176(Electronic);0022-0663(Print)},
    doi = {10.1037//0022-0663.77.6.631},
    issn = {0022-0663},
    keywords = {4th–8th graders, Academic Achievement, Academic Achievement Motivation, Elementary School Students, Junior High School Students, Student Attitudes, academic anxiety {\&} achievement {\&} perceptions of co, academic intrinsic motivation}
}

@article{Connolly2012,
    title = {{A systematic literature review of empirical evidence on computer games and serious games}},
    year = {2012},
    journal = {Computers and Education},
    author = {Connolly, Thomas M. and Boyle, Elizabeth A. and MacArthur, Ewan and Hainey, Thomas and Boyle, James M.},
    number = {2},
    pages = {661--686},
    volume = {59},
    publisher = {Elsevier Ltd},
    url = {http://dx.doi.org/10.1016/j.compedu.2012.03.004},
    isbn = {0360-1315},
    doi = {10.1016/j.compedu.2012.03.004},
    issn = {03601315},
    pmid = {25246403},
    keywords = {Computer games, Engagement, Learning, Serious games, Skill enhancement}
}

@article{Ford2013,
    title = {{Why do high school students lack motivation in the classroom?}},
    year = {2013},
    journal = {Global Education Journal},
    author = {Ford, Valjeaner B and Roby, Douglas E},
    number = {2},
    pages = {101--114},
    keywords = {Academic Achievement, Amotivation, Attention, Boredom, High School Students, Motivation in Education}
}

@article{Garris2002,
    title = {{Games, Motivation, and Learning: A Research and Practice Model}},
    year = {2002},
    journal = {Simulation {\&} Gaming},
    author = {Garris, Rosemary and Ahlers, Robert and Driskell, James E.},
    number = {4},
    pages = {441--467},
    volume = {33},
    url = {http://journals.sagepub.com/doi/10.1177/1046878102238607},
    isbn = {1046-8781},
    doi = {10.1177/1046878102238607},
    issn = {1046-8781},
    keywords = {and, computer games seem to, constitute certain games, education, evoke mixed reactions, from a popular perspective, games, learning, many are troubled by, motivation, on, one hand, simulation, the violent themes that, training, video games}
}

@article{Sandberg2014,
    title = {{The added value of a gaming context and intelligent adaptation for a mobile learning application for vocabulary learning}},
    year = {2014},
    journal = {Computers and Education},
    author = {Sandberg, Jacobijn and Maris, Marinus and Hoogendoorn, Pepijn},
    number = {July},
    pages = {119--130},
    volume = {76},
    publisher = {Elsevier Ltd},
    url = {http://dx.doi.org/10.1016/j.compedu.2014.03.006},
    isbn = {0360-1315},
    doi = {10.1016/j.compedu.2014.03.006},
    issn = {03601315},
    pmid = {16483390},
    arxivId = {arXiv:1011.1669v3},
    keywords = {Language learning, Mobile learning, Multimedia, Serious gaming}
}

@article{Eck2006,
    title = {{Digital Game-Based Learning : It ' s Not Just the Digital Natives Who Are Restless {\ldots}.}},
    year = {2006},
    journal = {Educause Review},
    author = {Eck, Richard Van},
    number = {2},
    pages = {1--16},
    volume = {41},
    isbn = {1467-8535},
    doi = {10.1145/950566.950596},
    issn = {15276619},
    pmid = {45103043}
}

@article{Laamarti2014,
    title = {{An overview of serious games}},
    year = {2014},
    journal = {International Journal of Computer Games Technology},
    author = {Laamarti, Fedwa and Eid, Mohamad and El Saddik, Abdulmotaleb},
    volume = {2014},
    isbn = {1687-7047},
    doi = {10.1155/2014/358152},
    issn = {16877055}
}

@article{Iten2016,
    title = {{Learning with serious games: Is fun playing the game a predictor of learning success?}},
    year = {2016},
    journal = {British Journal of Educational Technology},
    author = {Iten, Nina and Petko, Dominik},
    number = {1},
    pages = {151--163},
    volume = {47},
    isbn = {1467-8535},
    doi = {10.1111/bjet.12226},
    issn = {14678535}
}

@article{Cagiltay2015,
    title = {{The effect of competition on learning in games}},
    year = {2015},
    journal = {Computers {\&} Education},
    author = {Cagiltay, Nergiz Ercil and Ozcelik, Erol and Ozcelik, Nese Sahin},
    number = {April},
    pages = {35--41},
    volume = {87},
    publisher = {Elsevier Ltd},
    url = {http://linkinghub.elsevier.com/retrieve/pii/S0360131515001001},
    isbn = {0360-1315},
    doi = {10.1016/j.compedu.2015.04.001},
    issn = {03601315},
    pmid = {15994888},
    arxivId = {arXiv:1011.1669v3}
}

@article{Cumming1990,
    title = {{Intelligent educational systems: identifying and decoupling the conversational levels}},
    year = {1990},
    journal = {Instructional Science},
    author = {Cumming, Geoff and Self, John},
    number = {1},
    pages = {11--27},
    volume = {19},
    doi = {10.1007/BF00377983},
    issn = {00204277}
}

@article{Korpershoek2015,
    title = {{Differences in students??? school motivation: A latent class modelling approach}},
    year = {2015},
    journal = {Social Psychology of Education},
    author = {Korpershoek, Hanke and Kuyper, Hans and van der Werf, Greetje},
    number = {1},
    pages = {137--163},
    volume = {18},
    isbn = {1121801492746},
    doi = {10.1007/s11218-014-9274-6},
    issn = {13812890},
    keywords = {Achievement goal theory, Latent class modelling, Multiple goal perspective, School motivation, Secondary education}
}

@article{Tze2016,
    title = {{Evaluating the Relationship Between Boredom and Academic Outcomes: A Meta-Analysis}},
    year = {2016},
    journal = {Educational Psychology Review},
    author = {Tze, Virginia M C and Daniels, Lia M. and Klassen, Robert M.},
    number = {1},
    pages = {119--144},
    volume = {28},
    doi = {10.1007/s10648-015-9301-y},
    issn = {1573336X},
    keywords = {Academic boredom, Learning and achievement, Meta-analysis}
}

@article{Neel2013,
    title = {{A Longitudinal Study of School Belonging and Academic Motivation Across High School}},
    year = {2013},
    journal = {Child Development},
    author = {Neel, Cari Gillen O. and Fuligni, Andrew},
    number = {2},
    pages = {678--692},
    volume = {84},
    isbn = {1467-8624},
    doi = {10.1111/j.1467-8624.2012.01862.x},
    issn = {00093920},
    pmid = {23002809}
}

@article{Garneli2017,
    title = {{Serious games as a malleable learning medium: The effects of narrative, gameplay, and making on students’ performance and attitudes}},
    year = {2017},
    journal = {British Journal of Educational Technology},
    author = {Garneli, Varvara and Giannakos, Michail and Chorianopoulos, Konstantinos},
    number = {3},
    pages = {842--859},
    volume = {48},
    doi = {10.1111/bjet.12455},
    issn = {14678535}
}

@article{Demanet2012,
    title = {{School Belonging and School Misconduct: The Differing Role of Teacher and Peer Attachment}},
    year = {2012},
    journal = {Journal of Youth and Adolescence},
    author = {Demanet, Jannick and van Houtte, Mieke},
    number = {4},
    pages = {499--514},
    volume = {41},
    isbn = {00472891 (ISSN)},
    doi = {10.1007/s10964-011-9674-2},
    issn = {00472891},
    pmid = {21567214},
    keywords = {Peer attachment, School belonging, School composition, School misconduct, Schools-as-communities perspective, Teacher support}
}

@misc{Vallerand1992,
    title = {{The Academic Motivation Scale: A Measure of Intrinsic, Extrinsic, and Amotivation in Education}},
    year = {1992},
    booktitle = {Educational and Psychological Measurement},
    author = {Vallerand, Robert J. and Pelletier, L. G. and Blais, M. R. and Briere, N. M. and Senecal, C. and Vallieres, E. F.},
    number = {4},
    pages = {1003--1017},
    volume = {52},
    url = {http://doi.wiley.com/10.1111/j.1467-6494.2007.00447.x%5Cnhttp://epm.sagepub.com/cgi/doi/10.1177/0013164492052004025},
    isbn = {0013-1644},
    doi = {10.1177/0013164492052004025},
    issn = {0013-1644},
    pmid = {905},
    arxivId = {0803973233},
    keywords = {Academic Achievement Motivation, Educational Measurement, Foreign, Language Translation, Test Validity}
}

@techreport{Adkins2015,
    title = {{The 2014-2019 Worldwide Mobile Learning Market}},
    year = {2015},
    booktitle = {Ambient Insight},
    author = {Adkins, Sam S.},
    number = {August},
    pages = {445},
    url = {https://www.faa.gov/data_research/aviation/aerospace_forecasts/media/FY2017-37_FAA_Aerospace_Forecast.pdf}
}

@techreport{Poll2015,
    title = {{Pearson Student Mobile Device Survey 2015}},
    year = {2015},
    author = {Poll, Harris},
    url = {http://www.pearsoned.com/wp-content/uploads/2015-Pearson-Student-Mobile-Device-Survey-Grades-4-12.pdf}
}

@article{Wijers2008,
    title = {{MobileMath: the Phone, the Game and the Math}},
    year = {2008},
    journal = {2nd European Conference on Games Based Learning},
    author = {Wijers, M and Jonker, V and Kersgens, K},
    number = {Gravemeijer 1994},
    pages = {507--516},
    isbn = {978-1-906638-18-4},
    issn = {20490992},
    keywords = {1, be able to engage, computer games appear to, devane 2008, digital lifestyle of the, game-based learning, game-based learning with location-based, gee 2003, gps, inside as well as, introduction, mathematics education, mobile games, new, outside of school, shaffer 2006, students in meaningful learning, they fit in the}
}

@article{Castellano2009,
    title = {{Detecting User Engagement with a Robot Companion Using Task and Social Interaction-based Features Interaction scenario}},
    year = {2009},
    journal = {Proceedings of the 2009 international conference on Multimodal interfaces},
    author = {Castellano, Ginevra and Pereira, André and Leite, Iolanda and Paiva, Ana and Mcowan, Peter W},
    pages = {119--125},
    url = {http://portal.acm.org/citation.cfm?id=1647336},
    isbn = {9781605587721},
    doi = {10.1145/1647314.1647336},
    issn = {9781605587721},
    keywords = {affect recognition, contextual information, human robot interaction, non verbal ex-pressive behaviour}
}

@article{Ryan2016,
    title = {{during Middle School Linked references are available on JSTOR for this article : The Classroom Social Environment and Changes in Adolescents ' Motivation and Engagement During Middle School}},
    year = {2016},
    author = {Ryan, Allison M and Patrick, Helen and Ryan, Allison M},
    number = {2},
    pages = {437--460},
    volume = {38}
}

@article{Huizenga2009,
    title = {{Mobile game-based learning in secondary education: engagement, motivation and learning in a mobile city game: Original article}},
    year = {2009},
    journal = {Journal of Computer Assisted Learning},
    author = {Huizenga, J. and Admiraal, W. and Akkerman, S. and Ten Dam, G.},
    number = {4},
    pages = {332--344},
    volume = {25},
    isbn = {0266-4909},
    doi = {10.1111/j.1365-2729.2009.00316.x},
    issn = {02664909},
    pmid = {15308476},
    keywords = {Engagement, Game-based learning, Learning effects, Location-based technology, Mobile History game, Motivation}
}

@book{Snyder2002,
    title = {{Digest of Education Statistics}},
    year = {2002},
    author = {Snyder, T.D. and Hoffman, C. M.},
    isbn = {0160511011}
}

@article{Boyle2016,
    title = {{An update to the systematic literature review of empirical evidence of the impacts and outcomes of computer games and serious games}},
    year = {2016},
    journal = {Computers and Education},
    author = {Boyle, Elizabeth A. and Hainey, Thomas and Connolly, Thomas M. and Gray, Grant and Earp, Jeffrey and Ott, Michela and Lim, Theodore and Ninaus, Manuel and Ribeiro, Claudia and Pereira, João},
    number = {November 2015},
    pages = {178--192},
    volume = {94},
    isbn = {0360-1315},
    doi = {10.1016/j.compedu.2015.11.003},
    issn = {03601315},
    pmid = {112551918},
    keywords = {Computer games, Engagement, Entertainment, Learning, Serious games, Systematic literature review}
}

@phdthesis{Deen2015,
    title = {{G.A.M.E Games Autonomy Motivation {\&} Education - How autonomy-supportive game design may improve motivation to learn}},
    year = {2015},
    author = {Deen, Menno},
    pages = {266},
    school = {Technische Universiteit Eindhoven},
    isbn = {978-90-386-3776-1},
    doi = {10.1017/CBO9781107415324.004},
    issn = {1098-6596},
    pmid = {25246403},
    arxivId = {arXiv:1011.1669v3}
}

@incollection{Toprac2011,
    title = {{Motivating by Design : Using Digital-Game Based Learning Techniques to Create an Interesting Problem-Based Learning Environment}},
    year = {2011},
    booktitle = {Handbook of Research on Improving Learning and Motivation through Educational Games: Multidisciplinary Approaches},
    author = {Toprac, Paul},
    chapter = {14},
    publisher = {Information Science Reference},
    url = {https://www.researchgate.net/profile/Paul_Toprac/publication/288841218_Motivating_by_Design_Using_Digital-Game_Based_Learning_Techniques_to_Create_an_Interesting_Problem-Based_Learning_Environment/links/5687152108aebccc4e13d10a.pdf},
    address = {Hershey PA},
    isbn = {978-1-60960-496-7}
}

@incollection{Djaouti2011,
    title = {{Classifying serious games: The G/P/S model}},
    year = {2011},
    booktitle = {Handbook of research on improving learning and motivation through educational games: Multidisciplinary approaches},
    author = {Djaouti, Damien and Alvarez, Julian and Jessel, Jean-Pierre},
    pages = {118--136},
    url = {http://www.ludoscience.com/files/ressources/classifying_serious_games.pdf},
    isbn = {9781609604950},
    doi = {10.4018/978-1-60960-495-0.ch006},
    keywords = {classification, definition, gameplay, purpose, scope, serious games, video games}
}

@article{Jackson2013,
    title = {{Motivation and performance in a game-based intelligent tutoring system.}},
    year = {2013},
    journal = {Journal of Educational Psychology},
    author = {Jackson, G. Tanner and McNamara, Danielle S.},
    number = {4},
    pages = {1036--1049},
    volume = {105},
    url = {http://doi.apa.org/getdoi.cfm?doi=10.1037/a0032580},
    isbn = {1939-2176(Electronic);0022-0663(Print)},
    doi = {10.1037/a0032580},
    issn = {1939-2176},
    keywords = {educational games, intelligent tutoring, motivation and performance}
}

@article{Romero2013,
    title = {{Data mining in education}},
    year = {2013},
    journal = {Wiley Interdisciplinary Reviews: Data Mining and Knowledge Discovery},
    author = {Romero, Cristobal and Ventura, Sebastian},
    number = {1},
    pages = {12--27},
    volume = {3},
    isbn = {1942-4787},
    doi = {10.1002/widm.1075},
    issn = {19424787}
}

@article{Glover2013,
    title = {{Play as you learn : gamification as a technique for motivating learners}},
    year = {2013},
    journal = {Proceedings of World Conference on Educational Multimedia, Hypermedia and Telemcommunications},
    author = {Glover, Ian},
    pages = {1998--2008},
    url = {http://shura.shu.ac.uk/7172/},
    isbn = {9781939797032},
    issn = {1939797039},
    keywords = {Game-based learning, Gamification}
}

@article{Hainey2013,
    title = {{Students' attitudes toward playing games and using games in education: Comparing Scotland and the Netherlands}},
    year = {2013},
    journal = {Computers and Education},
    author = {Hainey, Thomas and Westera, Wim and Connolly, Thomas M. and Boyle, Liz and Baxter, Gavin and Beeby, Richard B. and Soflano, Mario},
    pages = {474--484},
    volume = {69},
    isbn = {0360-1315},
    doi = {10.1016/j.compedu.2013.07.023},
    issn = {03601315},
    keywords = {Comparative study, Computer games, Education, Empirical evidence, Motivations}
}

@article{Giannetto2013,
    title = {{Gamification in a Social Learning Environment}},
    year = {2013},
    journal = {Issues in Informing Science and Information Technology},
    author = {Giannetto, David and Chao, Joseph and Fontana, Anthony},
    pages = {195--207},
    volume = {10},
    isbn = {1535-0703},
    issn = {15475840},
    keywords = {Education, Engagement, Gamification, Online Learning, QizBox, Social Learning Environment, Software Development}
}

@book{Deen2015a,
    title = {{G.A.M.E Games Autonomy Motivation {\&} Education - How autonomy-supportive game design may improve motivation to learn}},
    year = {2015},
    author = {Deen, Menno},
    pages = {266},
    isbn = {978-90-386-3776-1},
    doi = {10.1017/CBO9781107415324.004},
    issn = {1098-6596},
    pmid = {25246403},
    arxivId = {arXiv:1011.1669v3}
}

@article{InspectievanhetOnderwijs2016,
    title = {{De staat van het onderwijs. Onderwijsverslag 2013-2014}},
    year = {2016},
    journal = {Utrecht},
    author = {{Inspectie van het Onderwijs}},
    pages = {240},
    url = {https://mijn.govunited.nl/blg-221895.pdf},
    isbn = {9789085033400}
}

@article{Djaouti2015,
    title = {{Classifying Serious Games: the G/P/S model}},
    year = {2015},
    author = {Djaouti, Damien}
}

@article{Barab2010,
    title = {{Pedagogical Dramas and Transformational Play: Narratively Rich Games for Learning}},
    year = {2010},
    journal = {Mind, Culture, and Activity},
    author = {Barab, Sasha a. and Dodge, Tyler and Ingram-Goble, Adam and Pettyjohn, Patrick and Peppler, Kylie and Volk, Charlene and Solomou, Maria},
    number = {3},
    pages = {235--264},
    volume = {17},
    isbn = {1074-9039},
    doi = {10.1080/10749030903437228},
    issn = {1074-9039}
}

@article{Green2012,
    title = {{Academic motivation, self-concept, engagement, and performance in high school: Key processes from a longitudinal perspective}},
    year = {2012},
    journal = {Journal of Adolescence},
    author = {Green, Jasmine and Liem, Gregory Arief D. and Martin, Andrew J. and Colmar, Susan and Marsh, Herbert W. and McInerney, Dennis},
    number = {5},
    pages = {1111--1122},
    volume = {35},
    isbn = {0140-1971{\textbackslash}r1095-9254},
    doi = {10.1016/j.adolescence.2012.02.016},
    issn = {01401971},
    pmid = {22460236},
    keywords = {Engagement, Motivation, Performance, Self-concept, Structural equation modeling}
}

@article{Konert2016,
    title = {{Social network games}},
    year = {2016},
    journal = {Lecture Notes in Computer Science (including subseries Lecture Notes in Artificial Intelligence and Lecture Notes in Bioinformatics)},
    author = {Konert, Johannes and S{\"{o}}bke, Heinrich and Wendel, Viktor},
    pages = {442--474},
    volume = {9970 LNCS},
    isbn = {9783319461519},
    doi = {10.1007/978-3-319-46152-6{\_}17},
    issn = {16113349},
    keywords = {Game design, Game development, Social network game}
}

@misc{Shernoff2003,
    title = {{Student engagement in high school classrooms from the perspective of flow theory}},
    year = {2003},
    booktitle = {School Psychology Quarterly},
    author = {Shernoff, D. and Csikszentmihalyi, M. and Schneider, B. and Shernoff, E.},
    number = {2},
    pages = {158--176},
    volume = {18},
    url = {http://www.researchgate.net/publication/232520082_Student_engagement_in_high_school_classrooms_from_the_perspective_of_flow_theory},
    isbn = {1743-9760},
    doi = {10.1521/scpq.18.2.158.21860},
    issn = {1939-1560},
    pmid = {21677641},
    arxivId = {arXiv:1011.1669v3}
}

@article{Vorderer2003,
    title = {{Explaining the enjoyment of playing video games: the role of competition}},
    year = {2003},
    journal = {ICEC '03 Proceedings of the second international conference on Entertainment computing},
    author = {Vorderer, Peter and Hartmann, Tilo and Klimmt, Christoph},
    number = {February},
    pages = {2--10},
    isbn = {9780887484582},
    doi = {10.1145/958720.958735},
    keywords = {competition, enjoyment, entertainment, video games}
}

@book{Garrett2011,
    title = {{The Elements of User Experience : User-Centered Design for the Web and Beyond, Second Edition}},
    year = {2011},
    booktitle = {Jesse James Garrett},
    author = {Garrett, Jesse James},
    pages = {3--54},
    isbn = {9780321683687},
    doi = {10.1145/889692.889709},
    issn = {10725520},
    pmid = {18780720}
}

@article{Turkay2014,
    title = {{Toward Understanding the Potential of Games for Learning: Learning Theory, Game Design Characteristics, and Situating Video Games in Classrooms}},
    year = {2014},
    journal = {Computers in the Schools},
    author = {Turkay, Selen and Hoffman, Daniel and Kinzer, Charles K. and Chantes, Pantiphar and Vicari, Christopher},
    number = {1-2},
    pages = {2--22},
    volume = {31},
    isbn = {0738-0569},
    doi = {10.1080/07380569.2014.890879},
    issn = {15287033},
    keywords = {assessment mechanics, design issues, game-based learning, learning mechanics, video games}
}

@article{VanLehn2013,
    title = {{Model construction as a learning activity: A design space and review}},
    year = {2013},
    journal = {Interactive Learning Environments},
    author = {VanLehn, Kurt},
    number = {4},
    pages = {371--413},
    volume = {21},
    isbn = {Interactive Learning Environments, Vol. 21, No. 4, August 2013, pp. 371–413},
    doi = {10.1080/10494820.2013.803125},
    issn = {10494820},
    keywords = {constructive learning, interactive learning activities, interactive learning environments, model construction, modeling, scaffolding}
}

@article{Verbert2014,
    title = {{Learning dashboards: An overview and future research opportunities}},
    year = {2014},
    journal = {Personal and Ubiquitous Computing},
    author = {Verbert, Katrien and Govaerts, Sten and Duval, Erik and Santos, Jose Luis and Van Assche, Frans and Parra, Gonzalo and Klerkx, Joris},
    number = {6},
    pages = {1499--1514},
    volume = {18},
    isbn = {16174909 (ISSN)},
    doi = {10.1007/s00779-013-0751-2},
    issn = {16174909},
    pmid = {1547815298},
    keywords = {Dashboards, HCI, Information visualization, Learning analytics}
}

@article{Hamari2014a,
    title = {{Does gamification work? - A literature review of empirical studies on gamification}},
    year = {2014},
    journal = {Proceedings of the Annual Hawaii International Conference on System Sciences},
    author = {Hamari, Juho and Koivisto, Jonna and Sarsa, Harri},
    pages = {3025--3034},
    isbn = {9781479925049},
    doi = {10.1109/HICSS.2014.377},
    issn = {15301605},
    pmid = {25246403},
    arxivId = {arXiv:1011.1669v3},
    keywords = {gamification, motivational affordance, persuasive}
}

@article{Vanlehn2006,
    title = {{The Behavior of Tutoring Systems}},
    year = {2006},
    journal = {Int. J. Artif. Intell. Ed.},
    author = {Vanlehn, Kurt},
    number = {3},
    pages = {227--265},
    volume = {16},
    url = {http://dl.acm.org/citation.cfm?id=1435351.1435353},
    isbn = {1560-4292},
    issn = {1560-4292},
    keywords = {Intelligent tutoring systems, intelligent tutoring systems, knowledge components, learning events, tutoring}
}

@article{Azevedo2005,
    title = {{Scaffolding self-regulated learning and metacognition - Implications for the design of computer-based scaffolds}},
    year = {2005},
    journal = {Instructional Science},
    author = {Azevedo, Roger and Hadwin, Allyson F.},
    number = {5-6},
    pages = {367--379},
    volume = {33},
    isbn = {0020427715731952},
    doi = {10.1007/s11251-005-1272-9},
    issn = {00204277},
    pmid = {19778037}
}

@article{Schoenfeld1999,
    title = {{Looking Toward the 21st Century: Challenges of Educational Theory and Practice}},
    year = {1999},
    journal = {Educational Researcher},
    author = {Schoenfeld, A. H.},
    number = {7},
    pages = {4--14},
    volume = {28},
    url = {http://edr.sagepub.com/cgi/doi/10.3102/0013189X028007004},
    isbn = {0013-189X},
    doi = {10.3102/0013189X028007004},
    issn = {0013-189X},
    pmid = {17423338}
}

@article{Linn1992,
    title = {{Science education reform: Building on the research base}},
    year = {1992},
    journal = {Journal of Research in Science Teaching},
    author = {Linn, Marcia C.},
    number = {8},
    pages = {821--840},
    volume = {29},
    doi = {10.1002/tea.3660290806},
    issn = {10982736}
}

@article{Newman1986,
    title = {{Earth Lab: A local network for collaborative science classrooms}},
    year = {1986},
    journal = {Journal of Educational Technology Systems},
    author = {Newman, D and Goldman, S V},
    number = {3},
    pages = {237--247},
    volume = {15},
    doi = {10.2190/FGWW-K4A6-HVDD-EJ03},
    issn = {0047-2395},
    keywords = {APEC}
}

@article{Newman1993,
    title = {{School networks: delivery or access}},
    year = {1993},
    journal = {Communications of the ACM},
    author = {Newman, Denis},
    number = {5},
    pages = {49--51},
    volume = {36},
    url = {http://portal.acm.org/citation.cfm?doid=155049.155059},
    doi = {10.1145/155049.155059},
    issn = {00010782}
}

@article{Skinner1958,
    title = {{Teaching Machines}},
    year = {1958},
    journal = {Sciences},
    author = {Skinner, B. F.},
    number = {3330},
    pages = {969--977},
    volume = {128},
    url = {http://www.jstor.org/stable/pdf/1755240.pdf?refreqid=excelsior:8bcece63e2854adb44aff884f8b1fa53}
}

@article{Brown2010,
    title = {{Design Experiments : Theoretical and Methodological Challenges in Creating Complex Interventions in Classroom Settings}},
    year = {2010},
    journal = {Learning},
    author = {Brown, Ann L},
    number = {2},
    pages = {141--178},
    volume = {2}
}

@article{Pea1993,
    title = {{The collaborative visualization project}},
    year = {1993},
    journal = {Communications of the ACM},
    author = {Pea, Roy D.},
    number = {5},
    pages = {60--63},
    volume = {36},
    url = {http://portal.acm.org/citation.cfm?doid=155049.155063},
    isbn = {0001-0782},
    doi = {10.1145/155049.155063},
    issn = {00010782}
}

@article{Chaudhri2013,
    title = {{Intelligent Learning Technologies: Applications of Artificial Intelligence to Contemporary and Emerging Educational Challenges}},
    year = {2013},
    journal = {The AI Magazine},
    author = {Chaudhri, Vinay K and Lane, H Chad and Gunning, Dave and Roschelle, Jeremy},
    number = {3},
    pages = {10--12},
    volume = {34}
}

@article{Beer2008,
    title = {{Technology Enhanced Learning}},
    year = {2008},
    journal = {Technology Enhanced Learning: Best Practices},
    author = {Beer, Martin D. and Crowther, Paul and Uruchurtu, Elizabeth},
    pages = {81--106},
    url = {http://www.scopus.com/inward/record.url?eid=2-s2.0-84900123293&partnerID=tZOtx3y1},
    isbn = {9781599046006},
    doi = {10.4018/978-1-59904-600-6}
}

@article{Kirkwood2014,
    title = {{Technology-enhanced learning and teaching in higher education: what is 'enhanced' and how do we know? A critical literature review}},
    year = {2014},
    journal = {Learning, Media and Technology},
    author = {Kirkwood, Adrian and Price, Linda},
    number = {1},
    pages = {6--36},
    volume = {39},
    isbn = {17439884 (ISSN)},
    doi = {10.1080/17439884.2013.770404},
    issn = {17439892},
    keywords = {evidence, higher education, student learning, teaching, technology-enhanced learning}
}

@article{Hwang2014,
    title = {{Applications, impacts and trends of mobile technology-enhanced learning: a review of 2008-2012 publications in selected SSCI journals}},
    year = {2014},
    journal = {International Journal of Mobile Learning and Organisation},
    author = {Hwang, Gwo-Jen and Wu, Po-Han},
    number = {2},
    pages = {83--95},
    volume = {8},
    url = {http://www.inderscience.com/link.php?id=62346},
    isbn = {1746-725X},
    doi = {10.1504/IJMLO.2014.062346},
    issn = {1746-725X},
    keywords = {mobile learning, research issues., research trend, seamless learning, technology-enhanced learning, ubiquitous learning}
}

@article{Oshea2015,
    title = {{Technology-Enhanced Learning : Evidence-based Improvement}},
    year = {2015},
    author = {Shea, Tim O},
    pages = {229--232},
    isbn = {9781450334112}
}

@article{Timms2016,
    title = {{Letting Artificial Intelligence in Education out of the Box: Educational Cobots and Smart Classrooms}},
    year = {2016},
    journal = {International Journal of Artificial Intelligence in Education},
    author = {Timms, Michael J.},
    number = {2},
    pages = {701--712},
    volume = {26},
    publisher = {International Journal of Artificial Intelligence in Education},
    url = {http://dx.doi.org/10.1007/s40593-016-0095-y},
    doi = {10.1007/s40593-016-0095-y},
    issn = {15604306},
    keywords = {Artificial intelligence in education, Robotics, Sensors}
}

@article{Fischer2013,
    title = {{Toward a Script Theory of Guidance in Computer-Supported Collaborative Learning}},
    year = {2013},
    journal = {Educational Psychologist},
    author = {Fischer, Frank and Kollar, Ingo and Stegmann, Karsten and Wecker, Christof},
    number = {1},
    pages = {56--66},
    volume = {48},
    isbn = {0046-1520},
    doi = {10.1080/00461520.2012.748005},
    issn = {00461520},
    pmid = {23378679}
}

@article{Janssen2013,
    title = {{Coordinated Computer-Supported Collaborative Learning: Awareness and Awareness Tools}},
    year = {2013},
    journal = {Educational Psychologist},
    author = {Janssen, Jeroen and Bodemer, Daniel},
    number = {1},
    pages = {40--55},
    volume = {48},
    isbn = {0046-1520},
    doi = {10.1080/00461520.2012.749153},
    issn = {00461520}
}

@article{Fleming2017,
    title = {{Serious games and gamification for mental health: Current status and promising directions}},
    year = {2017},
    journal = {Frontiers in Psychiatry},
    author = {Fleming, Theresa M. and Bavin, Lynda and Stasiak, Karolina and Hermansson-Webb, Eve and Merry, Sally N. and Cheek, Colleen and Lucassen, Mathijs and Lau, Ho Ming and Pollmuller, Britta and Hetrick, Sarah},
    number = {JAN},
    volume = {7},
    isbn = {1664-0640(Electronic)},
    doi = {10.3389/fpsyt.2016.00215},
    issn = {16640640},
    pmid = {28119636},
    keywords = {Computerized CBT, E-therapy, Engagement, Games for health, Gamification, Serious gaming}
}

@article{Khenissi2015,
    title = {{Learner Modeling Using Educational Games: A Review of the Literature}},
    year = {2015},
    journal = {Smart Learning Environments},
    author = {Khenissi, Mohamed Ali and Essalmi, Fathi and Jemni, Mohamed and {Kinshuk}},
    number = {1},
    pages = {6},
    volume = {2},
    url = {http://www.slejournal.com/content/2/1/6},
    doi = {10.1186/s40561-015-0014-y},
    issn = {2196-7091},
    keywords = {Adaptation, Educational games, Indicators, Learner model, Learner-computer interactions traces, Learners tracking, Learners' characteristics, Taxonomy of methods}
}

@book{Carvalho2016,
    title = {{Serious Games for Learning: A model and a reference architecture for efficient game development}},
    year = {2016},
    author = {Carvalho, Maira Brandao},
    pages = {189},
    url = {http://www.drhu.eu/reports/201701-MairaCarvelho-SeriousGamesForLearning.pdf},
    isbn = {9789038642031}
}

@article{Bull2004,
    title = {{Supporting learning with open learner models}},
    year = {2004},
    journal = {Planning},
    author = {Bull, Susan},
    number = {14},
    pages = {1},
    volume = {29},
    url = {http://www.etpe.gr/new/custom/pdf/etpe4.pdf},
    keywords = {intelligent learning environments, open learner models}
}

@article{Choi2005,
    title = {{Prototyping a Student Model for Educational Games}},
    year = {2005},
    author = {Choi, Youngmee and Choo, Moonwon and Chin, Seongah},
    number = {1},
    pages = {107--111},
    volume = {1},
    keywords = {dynamic bayesian networks, edutainment, emotion generation, intelligent, pedagogical agents, student modeling, tutoring systems}
}

@article{Conlan2009,
    title = {{Realtime knowledge space skill assessment for personalized digital educational games}},
    year = {2009},
    journal = {Proceedings - 2009 9th IEEE International Conference on Advanced Learning Technologies, ICALT 2009},
    author = {Conlan, Owen and Hampson, Cormac and Peirce, Neil and Kickmeier-Rust, Michael},
    pages = {538--542},
    isbn = {9780769537115},
    doi = {10.1109/ICALT.2009.150}
}

@article{Peirce2008,
    title = {{Adaptive educational games: Providing non-invasive personalised learning experiences}},
    year = {2008},
    journal = {Proceedings - 2nd IEEE International Conference on Digital Game and Intelligent Toy Enhanced Learning, DIGITEL 2008},
    author = {Peirce, Neil and Conlan, Owen and Wade, Vincent},
    pages = {28--35},
    isbn = {9780769534091},
    doi = {10.1109/DIGITEL.2008.30}
}

@article{Doignon1985,
    title = {{Spaces for the assessment of knowledge}},
    year = {1985},
    journal = {International Journal of Man-Machine Studies},
    author = {Doignon, Jean Paul and Falmagne, Jean Claude},
    number = {2},
    pages = {175--196},
    volume = {23},
    doi = {10.1016/S0020-7373(85)80031-6},
    issn = {00207373}
}

@article{Westera2007,
    title = {{Games en simulaties in het onderwijs : hype of voorbode ?}},
    year = {2007},
    author = {Westera, Wim}
}

@article{Lester2013SeriousEnvironments,
    title = {{Serious Games Get Smart: Intelligent Game-Based Learning Environments}},
    year = {2013},
    author = {Lester, James C and Ha, Eun Y and Lee, Seung Y and Mott, Bradford W and Rowe, Jonathan P and Sabourin, Jennifer L},
    url = {https://www.aaai.org/ojs/index.php/aimagazine/article/viewFile/2488/2388},
    issn = {0738-4602},
    keywords = {Winter 2013}
}

@article{Cooper2012InitialAlice,
    title = {{Initial Results of Using an Intelligent Tutoring System with Alice}},
    year = {2012},
    author = {Cooper, Stephen and Nam, Yoon Jae and Si, Luo},
    url = {http://delivery.acm.org/10.1145/2330000/2325332/p138-cooper.pdf?ip=146.50.149.54&id=2325332&acc=ACTIVE SERVICE&key=0C390721DC3021FF.86041C471C98F6DA.4D4702B0C3E38B35.4D4702B0C3E38B35&CFID=819986202&CFTOKEN=73447218&__acm__=1508242126_6624bce9be7022c279f13},
    keywords = {Alice, Measurement Keywords Intelligent tutoring system, tutorial}
}

@inproceedings{Harsley2015LearningEducation,
    title = {{Learning Together: Expanding the One-To-One ITS Model for Computer Science Education}},
    year = {2015},
    booktitle = {ICER '15: Proceedings of the eleventh annual International Conference on International Computing Education Research},
    author = {Harsley, Rachel},
    url = {http://delivery.acm.org/10.1145/2790000/2787742/p263-harsley.pdf?ip=146.50.149.54&id=2787742&acc=ACTIVE SERVICE&key=0C390721DC3021FF.86041C471C98F6DA.4D4702B0C3E38B35.4D4702B0C3E38B35&CFID=819986202&CFTOKEN=73447218&__acm__=1508242338_4ba952ece406b0c732c8},
    doi = {10.1145/2787622.2787742},
    keywords = {Categories and, Descriptors, Subject}
}

@article{Woolf2013AIEducation,
    title = {{AI Grand Challenges for Education}},
    year = {2013},
    journal = {AI Magazine},
    author = {Woolf, Beverly Park and Lane, H Chad and Chaudhri, Vinay K and Kolodner, Janet L},
    pages = {66--84},
    url = {http://delivery.acm.org/10.1145/2790000/2787742/p263-harsley.pdf?ip=146.50.149.54&id=2787742&acc=ACTIVE SERVICE&key=0C390721DC3021FF.86041C471C98F6DA.4D4702B0C3E38B35.4D4702B0C3E38B35&CFID=819986202&CFTOKEN=73447218&__acm__=1508242338_4ba952ece406b0c732c8},
    keywords = {Winter 2013}
}

@article{Ma2014IntelligentMeta-Analysis,
    title = {{Intelligent Tutoring Systems and Learning Outcomes: A Meta-Analysis}},
    year = {2014},
    journal = {Journal of Educational Psychology},
    author = {Ma, Wenting and Adesope, Olusola O and Nesbit, John C and Liu, Qing},
    number = {4},
    pages = {901--918},
    volume = {106},
    url = {http://dx.doi.org/10.1037/a0037123.supp},
    keywords = {Intelligent Tutoring System, effect size, meta-analysis, student model}
}

@article{Woolf2013AIEducationb,
    title = {{AI Grand Challenges for Education}},
    year = {2013},
    journal = {AI Magazine},
    author = {Woolf, Beverly Park and Lane, H Chad and Chaudhri, Vinay K and Kolodner, Janet L},
    number = {3},
    pages = {66--84},
    volume = {34},
    keywords = {Winter 2013}
}

@article{Nishikawa2011JournalDemocracies,
    title = {{Journal of Political Science Education A Computer Simulation Comparing the Incentive Structures of Dictatorships and Democracies A Computer Simulation Comparing the Incentive Structures of Dictatorships and Democracies}},
    year = {2011},
    journal = {Journal of Political Science Education},
    author = {Nishikawa, Katsuo A and Jaeger, Joseph},
    number = {2},
    pages = {135--142},
    volume = {7},
    url = {http://www.tandfonline.com/action/journalInformation?journalCode=upse20 http://dx.doi.org/10.1080/15512169.2011.564915},
    doi = {10.1080/15512169.2011.564915},
    issn = {1551-2177},
    keywords = {comparative politics course, computer-based simulation, randomized experiment, student learning}
}

@article{Kazimoglu2012AProgramming,
    title = {{A serious game for developing computational thinking and learning introductory computer programming}},
    year = {2012},
    journal = {Procedia - Social and Behavioral Sciences},
    author = {Kazimoglu, Cagin and Kiernan, Mary and Bacon, Liz and Mackinnon, Lachlan},
    pages = {1991--1999},
    volume = {47},
    url = {https://ac.els-cdn.com/S1877042812026742/1-s2.0-S1877042812026742-main.pdf?_tid=c4d838de-b3ef-11e7-a581-00000aab0f02&acdnat=1508322984_b41a75a6d2dddb575f76d9999a39e783},
    doi = {10.1016/j.sbspro.2012.06.938},
    issn = {1877-0428},
    keywords = {Serious games, computational thinking, game based learning, introductory programming, learning programming with games}
}

@article{Ciampa2014LearningMotivation,
    title = {{Learning in a mobile age: An investigation of student motivation}},
    year = {2014},
    journal = {Journal of Computer Assisted Learning},
    author = {Ciampa, K.},
    number = {1},
    pages = {82--96},
    volume = {30},
    isbn = {1365-2729},
    doi = {10.1111/jcal.12036},
    issn = {02664909},
    pmid = {23190649},
    keywords = {Digital games, Engagement, IPads, Mobile learning, Motivation}
}

@article{Ally2014WhatEducation,
    title = {{What is the future of mobile learning in education?}},
    year = {2014},
    journal = {International Journal of Educational Technology in Higher Education},
    author = {Ally, Mohamed and Prieto-Bl{\'{a}}zquez, Josep},
    number = {1},
    pages = {142--151},
    volume = {11},
    url = {http://dx.doi.org/10.7238/rusc.v11i1.2033},
    isbn = {0646460269},
    doi = {10.7238/rusc.v11i1.2033},
    issn = {2365-9440},
    pmid = {25246403},
    arxivId = {arXiv:1011.1669v3}
}

@article{Chiang2014AnLearning,
    title = {{An Augmented Reality-based Mobile Learning System to Improve Students’ Learning}},
    year = {2014},
    journal = {Journal of Educational Technology {\&} Society},
    author = {Chiang, Tosti H C and Yang, Stephen J H and Hwang, Gwo-jen},
    number = {4},
    pages = {352--365},
    volume = {17},
    doi = {10.2307/jeductechsoci.17.4.352},
    issn = {1436-4522}
}

@article{Conati2016InteractionPerceptions,
    title = {{Interaction with an Edu-Game: A Detailed Analysis of Student Emotions and Judges’ Perceptions}},
    year = {2016},
    journal = {International Journal of Artificial Intelligence in Education},
    author = {Conati, Cristina and Gutica, Mirela},
    number = {4},
    pages = {975--1010},
    volume = {26},
    publisher = {International Journal of Artificial Intelligence in Education},
    url = {http://dx.doi.org/10.1007/s40593-015-0081-9},
    doi = {10.1007/s40593-015-0081-9},
    issn = {15604306},
    keywords = {Affective states, Educational games, Emotion labeling, Interrater agreement, Interviewing judges, Learning}
}

@article{Snow2016TakingSystem,
    title = {{Taking Control: Stealth Assessment of Deterministic Behaviors Within a Game-Based System}},
    year = {2016},
    journal = {International Journal of Artificial Intelligence in Education},
    author = {Snow, Erica L. and Likens, Aaron D. and Allen, Laura K. and McNamara, Danielle S.},
    number = {4},
    pages = {1011--1032},
    volume = {26},
    publisher = {International Journal of Artificial Intelligence in Education},
    url = {http://dx.doi.org/10.1007/s40593-015-0085-5},
    doi = {10.1007/s40593-015-0085-5},
    issn = {15604306},
    keywords = {Dynamic analyses, Game-based intelligent tutoring systems, Log data, Stealth assessment}
}

@article{Gerdes2017Ask-Elle:Feedback,
    title = {{Ask-Elle: an Adaptable Programming Tutor for Haskell Giving Automated Feedback}},
    year = {2017},
    journal = {International Journal of Artificial Intelligence in Education},
    author = {Gerdes, Alex and Heeren, Bastiaan and Jeuring, Johan and van Binsbergen, L. Thomas},
    number = {1},
    pages = {65--100},
    volume = {27},
    publisher = {International Journal of Artificial Intelligence in Education},
    url = {http://dx.doi.org/10.1007/s40593-015-0080-x},
    doi = {10.1007/s40593-015-0080-x},
    issn = {15604306},
    keywords = {Adaptability, Automated feedback, Functional programming, Haskell, Model tracing, Tutoring}
}

@article{Mostafavi2017EvolutionElements,
    title = {{Evolution of an Intelligent Deductive Logic Tutor Using Data-Driven Elements}},
    year = {2017},
    journal = {International Journal of Artificial Intelligence in Education},
    author = {Mostafavi, Behrooz and Barnes, Tiffany},
    number = {1},
    pages = {5--36},
    volume = {27},
    publisher = {International Journal of Artificial Intelligence in Education},
    url = {http://dx.doi.org/10.1007/s40593-016-0112-1},
    doi = {10.1007/s40593-016-0112-1},
    issn = {15604306},
    keywords = {Data-driven methods, Deductive logic instruction, Intelligent tutoring systems}
}

@article{Dillenbourg2016TheEducation,
    title = {{The Evolution of Research on Digital Education}},
    year = {2016},
    journal = {International Journal of Artificial Intelligence in Education},
    author = {Dillenbourg, Pierre},
    number = {2},
    pages = {544--560},
    volume = {26},
    publisher = {International Journal of Artificial Intelligence in Education},
    url = {http://dx.doi.org/10.1007/s40593-016-0106-z},
    isbn = {1560-4292},
    doi = {10.1007/s40593-016-0106-z},
    issn = {15604306},
    keywords = {Digital Education, Learning Analytics, MOOCs}
}

@article{Cutumisu2017AssessingTask,
    title = {{Assessing Whether Students Seek Constructive Criticism: The Design of an Automated Feedback System for a Graphic Design Task}},
    year = {2017},
    journal = {International Journal of Artificial Intelligence in Education},
    author = {Cutumisu, Maria and Blair, Kristen P. and Chin, Doris B. and Schwartz, Daniel L.},
    number = {3},
    pages = {419--447},
    volume = {27},
    publisher = {International Journal of Artificial Intelligence in Education},
    isbn = {4059301601375},
    doi = {10.1007/s40593-016-0137-5},
    issn = {15604306},
    keywords = {Assessment, Choice, Feedback, Game, Learning, Performance}
}

@article{Holden2012EffectiveTasks,
    title = {{Effective Learner Modeling for Computer-Based Tutoring of Cognitive and Affective Tasks}},
    year = {2012},
    journal = {The Interservice/Industry {\ldots}},
    author = {Holden, Hk and Sottilare, Ra},
    number = {12032},
    pages = {1--12},
    url = {http://ntsa.metapress.com/index/F53W22H43H572341.pdf}
}

@article{Pellas2014UtilizingEngagement,
    title = {{Utilizing a serious game via open sim standalone server and scratch4os for introductory programming courses in secondary education: Their effect on student engagement}},
    year = {2014},
    journal = {Proceedings - IEEE 14th International Conference on Advanced Learning Technologies, ICALT 2014},
    author = {Pellas, Nikolaos and Konstantinou, Nikolaos and Georgiou, Georgia and Malliarakis, Christos and Kazanidis, Ioannis},
    pages = {699--700},
    isbn = {9781479940387},
    doi = {10.1109/ICALT.2014.203},
    keywords = {Co.Co.I.A, Open sim, Scratch4OS, Serious games}
}