@article{Ma2014,
    title = {{Intelligent Tutoring Systems and Learning Outcomes: A Meta-Analysis}},
    year = {2014},
    journal = {Journal of Educational Psychology},
    author = {Ma, Wenting and Adesope, Olusola O and Nesbit, John C and Liu, Qing},
    number = {4},
    pages = {901--918},
    volume = {106},
    url = {http://dx.doi.org/10.1037/a0037123.supp},
    keywords = {Intelligent Tutoring System, effect size, meta-analysis, student model}
}

@article{Khenissi2015,
    title = {{Learner Modeling Using Educational Games: A Review of the Literature}},
    year = {2015},
    journal = {Smart Learning Environments},
    author = {Khenissi, Mohamed Ali and Essalmi, Fathi and Jemni, Mohamed and {Kinshuk}},
    number = {1},
    pages = {6},
    volume = {2},
    url = {http://www.slejournal.com/content/2/1/6},
    doi = {10.1186/s40561-015-0014-y},
    issn = {2196-7091},
    keywords = {Adaptation, Educational games, Indicators, Learner model, Learner-computer interactions traces, Learners tracking, Learners' characteristics, Taxonomy of methods}
}

@article{Wouters2013,
    title = {{A meta-analysis of the cognitive and motivational effects of serious games.}},
    year = {2013},
    journal = {Journal of Educational Psychology},
    author = {Wouters, Pieter and van Nimwegen, Christof and van Oostendorp, Herre and van der Spek, Erik D.},
    number = {2},
    pages = {249--265},
    volume = {105},
    url = {http://doi.apa.org/getdoi.cfm?doi=10.1037/a0031311},
    isbn = {0022-0663{\textbackslash}n1939-2176},
    doi = {10.1037/a0031311},
    issn = {1939-2176},
    keywords = {cognition, computer games for the, game-based learning, games or game-based learning, in the last decade, in this, instruction, meta-analysis, motivation, often, purpose of learning and, referred to as serious, researchers have propagated the, serious games, use of}
}

@article{Guha2015Schema.org:Web,
    title = {{Schema.org: Evolution of Structured Data on the Web}},
    year = {2015},
    journal = {Queue},
    author = {Guha, R. V. and Brickley, Dan and MacBeth, Steve},
    number = {9},
    pages = {10--37},
    volume = {13},
    url = {http://dl.acm.org/citation.cfm?doid=2857274.2857276},
    isbn = {9783830920397},
    doi = {10.1145/2857274.2857276},
    issn = {15427730}
}

@article{Voida2011HomebrewOrganizations,
    title = {{Homebrew Databases : Complexities of Everyday Information Management in Nonprofit Organizations}},
    year = {2011},
    journal = {Human Factors},
    author = {Voida, Amy and Harmon, Ellie and Al-ani, Ban},
    pages = {915--924},
    url = {http://portal.acm.org/citation.cfm?id=1979078},
    isbn = {9781450302678},
    doi = {10.1145/1978942.1979078},
    issn = {0965-254X},
    pmid = {15735874},
    arxivId = {1204.3689},
    keywords = {Homebrew databases, information management, nonpro}
}

@article{Bizer2009DBpediaData,
    title = {{DBpedia - A crystallization point for the Web of Data}},
    year = {2009},
    journal = {Journal of Web Semantics},
    author = {Bizer, Christian and Lehmann, Jens and Kobilarov, Georgi and Auer, S??ren and Becker, Christian and Cyganiak, Richard and Hellmann, Sebastian},
    number = {3},
    pages = {154--165},
    volume = {7},
    isbn = {15708268 (ISSN)},
    doi = {10.1016/j.websem.2009.07.002},
    issn = {15708268},
    pmid = {12014913},
    arxivId = {arXiv:1407.7071v2},
    keywords = {Knowledge extraction, Linked Data, RDF, Web of Data, Wikipedia}
}

@article{Ferrucci2010BuildingProject,
    title = {{Building Watson: An Overview of the DeepQA Project}},
    year = {2010},
    journal = {AI Magazine},
    author = {Ferrucci, David and Brown, Eric and Chu-Carroll, Jennifer and Fan, James and Gondek, David and Kalyanpur, Aditya a. and Lally, Adam and Murdock, J. William and Nyberg, Eric and Prager, John and Schlaefer, Nico and Welty, Chris},
    number = {3},
    pages = {59--79},
    volume = {31},
    url = {http://www.aaai.org/ojs/index.php/aimagazine/article/view/2303},
    isbn = {9781450301787},
    doi = {10.1609/aimag.v31i3.2303},
    issn = {0738-4602},
    keywords = {icles}
}

@article{Benson2014End-usersWeb,
    title = {{End-users publishing structured information on the web}},
    year = {2014},
    journal = {Proceedings of the 32nd annual ACM conference on Human factors in computing systems - CHI '14},
    author = {Benson, Edward and Karger, David R.},
    pages = {1265--1274},
    url = {http://dl.acm.org/citation.cfm?doid=2556288.2557036},
    isbn = {9781450324731},
    doi = {10.1145/2556288.2557036},
    issn = {00010782},
    pmid = {19335571}
}

@article{Shoham2015WhyMatters,
    title = {{Why knowledge representation matters}},
    year = {2015},
    journal = {Communications of the ACM},
    author = {Shoham, Yoav},
    number = {1},
    pages = {47--49},
    volume = {59},
    url = {http://dl.acm.org/ft_gateway.cfm?id=2803170&type=html},
    doi = {10.1145/2803170},
    issn = {00010782}
}

@article{Davis1993WhatRepresentation,
    title = {{What Is a Knowledge Representation?}},
    year = {1993},
    journal = {AI Magazine},
    author = {Davis, Randall and Shrobe, Howard and Szolovits, Peter},
    number = {1},
    pages = {17},
    volume = {14},
    isbn = {0738-4602},
    doi = {10.1609/AIMAG.V14I1.1029},
    issn = {0738-4602},
    pmid = {21283854},
    arxivId = {arXiv:1011.1669v3}
}

@article{Haas2011EnhancedSearch,
    title = {{Enhanced results for web search}},
    year = {2011},
    journal = {Proceedings of the 34th international ACM SIGIR conference on Research and development in Information - SIGIR '11},
    author = {Haas, Kevin and Mika, Peter and Tarjan, Paul and Blanco, Roi},
    pages = {725},
    url = {http://portal.acm.org/citation.cfm?doid=2009916.2010014},
    isbn = {9781450307574},
    doi = {10.1145/2009916.2010014},
    keywords = {search results, search results, semantic web, user interfaces, web, semantic web, user interfaces, web search}
}

@article{Vrandecic2014Wikidata:Knowledgebase,
    title = {{Wikidata: A Free Collaborative Knowledgebase}},
    year = {2014},
    journal = {Communications of the ACM},
    author = {Vrande{\v{c}}i{\'{c}}, Denny and Kr{\"{o}}tzsch, Markus},
    number = {10},
    pages = {78--85},
    volume = {57},
    isbn = {1881000001},
    doi = {10.1145/2629489},
    issn = {00010782},
    pmid = {22741678}
}

@article{If2016WhyCentralization,
    title = {{Why the Semantic Web Needs Centralization}},
    year = {2016},
    journal = {IEEE Internet Computing},
    author = {If, Even and Don, We and Beek, Wouter and Rietveld, Laurens and Schlobach, Stefan},
    pages = {78--81},
    volume = {16}
}

@article{Heath2011LinkedSpace,
    title = {{Linked Data: Evolving the Web into a Global Data Space}},
    year = {2011},
    journal = {Synthesis Lectures on the Semantic Web: Theory and Technology},
    author = {Heath, Tom and Bizer, Christian},
    number = {1},
    pages = {1--136},
    volume = {1},
    url = {http://www.morganclaypool.com/doi/abs/10.2200/S00334ED1V01Y201102WBE001},
    isbn = {9781608454303},
    doi = {10.2200/S00334ED1V01Y201102WBE001},
    issn = {2160-4711},
    pmid = {25246403},
    arxivId = {arXiv:1011.1669v3}
}

@article{Moreau2013Provenance:PROV,
    title = {{Provenance: An Introduction to PROV}},
    year = {2013},
    journal = {Synthesis Lectures on the Semantic Web: Theory and Technology},
    author = {Moreau, Luc and Groth, Paul},
    number = {4},
    pages = {1--129},
    volume = {3},
    url = {http://www.morganclaypool.com/doi/abs/10.2200/S00528ED1V01Y201308WBE007},
    isbn = {9781627052214},
    doi = {10.2200/S00528ED1V01Y201308WBE007},
    issn = {2160-4711},
    arxivId = {arXiv:cond-mat/0104167},
    archivePrefix = {arXiv},
    eprint = {0104167},
    primaryClass = {cond-mat}
}

@article{Schreiber2008SemanticDemonstrator,
    title = {{Semantic annotation and search of cultural-heritage collections: The MultimediaN E-Culture demonstrator}},
    year = {2008},
    journal = {Web Semantics},
    author = {Schreiber, Guus and Amin, Alia and Aroyo, Lora and van Assem, Mark and de Boer, Victor and Hardman, Lynda and Hildebrand, Michiel and Omelayenko, Borys and van Osenbruggen, Jacco and Tordai, Anna and Wielemaker, Jan and Wielinga, Bob},
    number = {4},
    pages = {243--249},
    volume = {6},
    doi = {10.1016/j.websem.2008.08.001},
    issn = {15708268},
    keywords = {Digital heritage, Semantic annotation, Semantic search, Virtual collections}
}

@article{AgterbosDesignSystems,
    title = {{Design space of and design requirements for knowledge representation systems}},
    author = {Agterbos, Marieke},
    keywords = {knowledge organization systems, knowledge representation, ontology, semantic web}
}

@article{PaperAData,
    title = {{A Step Towards A Structured Web of Data}},
    author = {Paper, Overview},
    keywords = {knowledge, linked data, logic, ontologies, representation, semantic web, structured data}
}

@article{Gruber1995TowardSharing,
    title = {{Toward principles for the design of ontologies used for knowledge sharing?}},
    year = {1995},
    journal = {International Journal of Human-Computer Studies},
    author = {Gruber, Thomas R.},
    number = {5-6},
    pages = {907--928},
    volume = {43},
    url = {http://linkinghub.elsevier.com/retrieve/pii/S1071581985710816},
    isbn = {10715819},
    doi = {10.1006/ijhc.1995.1081},
    issn = {10715819},
    pmid = {15648861},
    arxivId = {math/0701907v3},
    keywords = {knowledge interchange format, knowledge sharing, measurement theory, ontological commitment, ontology, ontology design}
}

@article{Group2013OverviewPaper,
    title = {{Overview Paper}},
    year = {2013},
    author = {Group, Business Bank Advisory},
    pages = {1--25},
    url = {https://www.gov.uk/government/uploads/system/uploads/attachment_data/file/210925/business-bank-advisory-group-business-bank-advisory-group-overview-paper.pdf}
}

@article{HarryJ.Gensler1954IntroductionLogic,
    title = {{Introduction to Logic}},
    year = {1954},
    journal = {Philosophy and Phenomenological Research},
    author = {{Harry J. Gensler}},
    pages = {560},
    volume = {14},
    isbn = {0031-8205},
    doi = {10.2307/2272842},
    issn = {00224812},
    pmid = {3172880060},
    keywords = {Logic, Meaning, Pragmatics, Proposition, Sentence}
}

@article{Berners-lee2002TheWeb,
    title = {{The Semantic Web}},
    year = {2002},
    author = {Berners-lee, Tim and Hendler, J and Lassila, Ora},
    pages = {1--18},
    volume = {21}
}

@article{Odell1994SixComposition,
    title = {{Six different kinds of composition}},
    year = {1994},
    journal = {JOOP Journal of Object-Oriented Programming},
    author = {Odell, J J},
    number = {8},
    pages = {10--15},
    volume = {5},
    isbn = {0896-8438},
    doi = {10.1109/LPT.2009.2020494},
    issn = {1041-1135},
    pmid = {10575050},
    arxivId = {0521865719 9780521865715},
    keywords = {Object-oriented Design}
}

@article{Kumar2013Webzeitgeist,
    title = {{Webzeitgeist}},
    year = {2013},
    journal = {Proceedings of the SIGCHI Conference on Human Factors in Computing Systems - CHI '13},
    author = {Kumar, Ranjitha and Satyanarayan, Arvind and Torres, Cesar and Lim, Maxine and Ahmad, Salman and Klemmer, Scott R. and Talton, Jerry O.},
    pages = {3083},
    url = {http://dl.acm.org/citation.cfm?doid=2470654.2466420},
    isbn = {9781450318990},
    doi = {10.1145/2470654.2466420}
}

@article{Jacob2003OntologiesWeb,
    title = {{Ontologies and the Semantic Web}},
    year = {2003},
    author = {Jacob, Elin K.}
}

@article{Miller1995WordNet:English,
    title = {{WordNet: a lexical database for English}},
    year = {1995},
    journal = {Communications of the ACM},
    author = {Miller, George A.},
    number = {11},
    pages = {39--41},
    volume = {38},
    url = {http://portal.acm.org/citation.cfm?doid=219717.219748},
    isbn = {1558602720},
    doi = {10.1145/219717.219748},
    issn = {00010782},
    pmid = {17081734}
}

@article{Allcott2017SocialElection,
    title = {{Social Media and Fake News in the 2016 Election}},
    year = {2017},
    journal = {Journal of Economic Perspectives},
    author = {Allcott, Hunt and Gentzkow, Matthew},
    number = {2},
    pages = {211--236},
    volume = {31},
    url = {http://pubs.aeaweb.org/doi/10.1257/jep.31.2.211},
    doi = {10.1257/jep.31.2.211},
    issn = {0895-3309},
    arxivId = {1704.07506}
}

@article{Shirzadian2015LearnModeRecognition,
    title = {{LearnMode : An application for efficient studying through intelligent time management and concentration recognition}},
    year = {2015},
    author = {Shirzadian, Najereh},
    number = {1990}
}

@article{BlankersAn,
    title = {{An Intelligent social Interactive System - part 5 [ An Intelligent Interactive System to Reduce the Disrupting Effect of Smartphone Use During Group Interaction ]}},
    author = {Blankers, Helen},
    keywords = {a ff ective computing, human interaction, intelligent interactive system, interac-, smart, social behavior, tion design}
}

@article{Garrett2000InterfaceObjectives,
    title = {{Interface Design Navigation Design Interaction Information User Needs Site Objectives}},
    year = {2000},
    author = {Garrett, Jesse James},
    pages = {2000}
}

@article{2017Images,
    title = {{images}},
    year = {2017},
    pages = {1--47}
}

@article{Verheijen2012LearnModeEfficiently,
    title = {{LearnMode A system that helps higher education students to learn efficiently}},
    year = {2012},
    author = {Verheijen, Ananda}
}

@article{Shernoff2003StudentTheory.,
    title = {{Student engagement in high school classrooms from the perspective of flow theory.}},
    year = {2003},
    journal = {School Psychology Quarterly},
    author = {Shernoff, David J. and Csikszentmihalyi, Mihaly and Shneider, Barbara and Shernoff, Elisa Steele},
    number = {2},
    pages = {158--176},
    volume = {18},
    url = {http://doi.apa.org/getdoi.cfm?doi=10.1521/scpq.18.2.158.21860},
    isbn = {1045-3830{\textbackslash}r1939-1560},
    doi = {10.1521/scpq.18.2.158.21860},
    issn = {1939-1560},
    pmid = {15883120},
    arxivId = {arXiv:1011.1669v3}
}

@misc{Fitzgerald2000TestsStudents,
    title = {{Tests + Stress = Problems For Students}},
    year = {2000},
    author = {Fitzgerald, MacLean},
    url = {https://brainconnection.brainhq.com/2000/07/12/tests-stress-problems-for-students/}
}

@article{Przybylski2010AEngagement.,
    title = {{A motivational model of video game engagement.}},
    year = {2010},
    journal = {Review of General Psychology},
    author = {Przybylski, Andrew K. and Rigby, C. Scott and Ryan, Richard M.},
    number = {2},
    pages = {154--166},
    volume = {14},
    url = {http://doi.apa.org/getdoi.cfm?doi=10.1037/a0019440},
    isbn = {1089-2680 1939-1552},
    doi = {10.1037/a0019440},
    issn = {1939-1552},
    keywords = {concern-focused, dergoing a dramatic shift, games is presently un-, in focus, motivation, ponderance of research in, psychological research examining video, self-determination theory, the pre-, until very recently, video games, video games has been}
}

@article{Harris2013PearsonStudents,
    title = {{Pearson Student Mobile Device Survey National Report : College Students}},
    year = {2013},
    author = {{Harris}},
    pages = {25}
}

@misc{Goasduff2017Gartner2016,
    title = {{Gartner Says Worldwide Sales of Smartphones Grew 7 Percent in the Fourth Quarter of 2016}},
    year = {2017},
    author = {Goasduff, Laurence and Ann Forni, Amy},
    url = {http://www.gartner.com/newsroom/id/3609817}
}

@article{Leach2005AStatus,
    title = {{A Universally Unique IDentifier (UUID) URN Namespace Status}},
    year = {2005},
    author = {Leach, P. and {Microsoft} and Mealling, M. and LLC, Refactored Networks and Salz, R. and Inc., DataPower Technology},
    pages = {1--32}
}

@article{Webb2016Learning,
    title = {{Learning through Teaching: A Microbiology Service-Learning Experience †}},
    year = {2016},
    journal = {Journal of Microbiology {\&} Biology Education},
    author = {Webb, Ginny},
    number = {1},
    pages = {86--89},
    volume = {17},
    url = {http://www.ncbi.nlm.nih.gov/pubmed/27047598%0Ahttp://www.pubmedcentral.nih.gov/articlerender.fcgi?artid=PMC4798824%0Ahttp://www.asmscience.org/content/journal/jmbe/10.1128/jmbe.v17i1.997},
    doi = {10.1128/jmbe.v17i1.997},
    issn = {1935-7877},
    pmid = {27047598}
}

@article{Gais2006SleepRecall,
    title = {{Sleep after learning aids memory recall}},
    year = {2006},
    journal = {Learning {\&} Memory},
    author = {Gais, S.},
    number = {3},
    pages = {259--262},
    volume = {13},
    url = {http://www.learnmem.org/cgi/doi/10.1101/lm.132106},
    isbn = {4945150036},
    doi = {10.1101/lm.132106},
    issn = {1072-0502},
    pmid = {16741280}
}

@article{Tosini2016EffectsPhysiology.,
    title = {{Effects of blue light on the circadian system and eye physiology.}},
    year = {2016},
    journal = {Molecular vision},
    author = {Tosini, Gianluca and Ferguson, Ian and Tsubota, Kazuo},
    number = {August 2015},
    pages = {61--72},
    volume = {22},
    url = {http://www.pubmedcentral.nih.gov/articlerender.fcgi?artid=4734149&tool=pmcentrez&rendertype=abstract},
    issn = {1090-0535},
    pmid = {26900325}
}

@article{Lenhart2015TeensTeens,
    title = {{Teens, social media and technology overview 2015: Smartphones facilitate shifts in communication landscape for teens}},
    year = {2015},
    journal = {Pew Research Center},
    author = {Lenhart, Amanda},
    number = {April},
    pages = {1--47},
    isbn = {1460-2466},
    doi = {10.1016/j.chb.2015.08.026},
    issn = {07475632}
}

@article{Nguyen2008LearnerLearning,
    title = {{Learner Model in Adaptive Learning}},
    year = {2008},
    journal = {World Academy of Science Engineering and Technology},
    author = {Nguyen, Loc and Do, Phung},
    number = {November},
    pages = {395--400},
    volume = {45},
    url = {http://www.waset.org/journals/waset/v45/v45-70.pdf},
    isbn = {1307-6884},
    issn = {2010-3778},
    keywords = {adaptive educational, adaptive learning, learner model, learning management system, learning object, user model}
}

@article{Bull2013OpenProcesses,
    title = {{Open Learner Models as Drivers for Metacognitive Processes}},
    year = {2013},
    journal = {International Handbook of Metacognition and Learning Technologies},
    author = {Bull, Susan and Kay, Judy},
    pages = {349--365},
    volume = {28},
    url = {http://link.springer.com/10.1007/978-1-4419-5546-3},
    isbn = {978-1-4419-5545-6},
    doi = {10.1007/978-1-4419-5546-3}
}

@article{Fan2015TheCurriculum,
    title = {{The Effects of Learning Styles and Meaningful Learning on the Learning Achievement of Gamification Health Education Curriculum}},
    year = {2015},
    journal = {EURASIA Journal of Mathematics, Science {\&} Technology Education},
    author = {Fan, Kuo Kuang and Xiao, Peng wei and Su, Chung Ho},
    number = {5},
    pages = {1211--1229},
    volume = {11},
    url = {http://www.scopus.com/inward/record.url?eid=2-s2.0-84948775397&partnerID=tZOtx3y1},
    isbn = {1305-8223},
    doi = {10.12973/eurasia.2015.1413a},
    issn = {13058223},
    keywords = {3D mobile game education, Gamification, Learning achievement, Learning styles, Meaningful learning}
}

@article{Sciences2015MobileScenario,
    title = {{Mobile Education-proposing a Mobile Learning Model for Designing an Institutional Mobile Scenario}},
    year = {2015},
    author = {Sciences, Applied and Khalidi, Mohammed and Mohammed, Idrissi},
    number = {May 2014},
    doi = {10.19026/rjaset.7.837},
    issn = {20407459},
    keywords = {connectivism, learner attitude, learning activity, learning scenario, situated learning}
}