@article{Bizer2009b,
    title = {{DBpedia - A crystallization point for the Web of Data}},
    year = {2009},
    journal = {Journal of Web Semantics},
    author = {Bizer, Christian and Lehmann, Jens and Kobilarov, Georgi and Auer, S??ren and Becker, Christian and Cyganiak, Richard and Hellmann, Sebastian},
    number = {3},
    pages = {154--165},
    volume = {7},
    isbn = {15708268 (ISSN)},
    doi = {10.1016/j.websem.2009.07.002},
    issn = {15708268},
    pmid = {12014913},
    arxivId = {arXiv:1407.7071v2},
    keywords = {Knowledge extraction, Linked Data, RDF, Web of Data, Wikipedia}
}

@article{Davis1993b,
    title = {{What Is a Knowledge Representation?}},
    year = {1993},
    journal = {AI Magazine},
    author = {Davis, Randall and Shrobe, Howard and Szolovits, Peter},
    number = {1},
    pages = {17},
    volume = {14},
    isbn = {0738-4602},
    doi = {10.1609/AIMAG.V14I1.1029},
    issn = {0738-4602},
    pmid = {21283854},
    arxivId = {arXiv:1011.1669v3}
}

@article{Ferrucci2010b,
    title = {{Building Watson: An Overview of the DeepQA Project}},
    year = {2010},
    journal = {AI Magazine},
    author = {Ferrucci, David and Brown, Eric and Chu-Carroll, Jennifer and Fan, James and Gondek, David and Kalyanpur, Aditya a. and Lally, Adam and Murdock, J. William and Nyberg, Eric and Prager, John and Schlaefer, Nico and Welty, Chris},
    number = {3},
    pages = {59--79},
    volume = {31},
    url = {http://www.aaai.org/ojs/index.php/aimagazine/article/view/2303},
    isbn = {9781450301787},
    doi = {10.1609/aimag.v31i3.2303},
    issn = {0738-4602},
    keywords = {icles}
}

@article{Benson2014b,
    title = {{End-users publishing structured information on the web}},
    year = {2014},
    journal = {Proceedings of the 32nd annual ACM conference on Human factors in computing systems - CHI '14},
    author = {Benson, Edward and Karger, David R.},
    pages = {1265--1274},
    url = {http://dl.acm.org/citation.cfm?doid=2556288.2557036},
    isbn = {9781450324731},
    doi = {10.1145/2556288.2557036},
    issn = {00010782},
    pmid = {19335571}
}

@article{Berners-lee2002b,
    title = {{The Semantic Web}},
    year = {2002},
    author = {Berners-lee, Tim and Hendler, J and Lassila, Ora},
    pages = {1--18},
    volume = {21}
}

@article{If2016b,
    title = {{Why the Semantic Web Needs Centralization}},
    year = {2016},
    journal = {IEEE Internet Computing},
    author = {If, Even and Don, We and Beek, Wouter and Rietveld, Laurens and Schlobach, Stefan},
    pages = {78--81},
    volume = {16}
}

@article{Vrandecic2014b,
    title = {{Wikidata: A Free Collaborative Knowledgebase}},
    year = {2014},
    journal = {Communications of the ACM},
    author = {Vrande{\v{c}}i{\'{c}}, Denny and Kr{\"{o}}tzsch, Markus},
    number = {10},
    pages = {78--85},
    volume = {57},
    isbn = {1881000001},
    doi = {10.1145/2629489},
    issn = {00010782},
    pmid = {22741678}
}

@article{Voida2011b,
    title = {{Homebrew Databases : Complexities of Everyday Information Management in Nonprofit Organizations}},
    year = {2011},
    journal = {Human Factors},
    author = {Voida, Amy and Harmon, Ellie and Al-ani, Ban},
    pages = {915--924},
    url = {http://portal.acm.org/citation.cfm?id=1979078},
    isbn = {9781450302678},
    doi = {10.1145/1978942.1979078},
    issn = {0965-254X},
    pmid = {15735874},
    arxivId = {1204.3689},
    keywords = {Homebrew databases, information management, nonpro}
}

@article{Kumar2013b,
    title = {{Webzeitgeist}},
    year = {2013},
    journal = {Proceedings of the SIGCHI Conference on Human Factors in Computing Systems - CHI '13},
    author = {Kumar, Ranjitha and Satyanarayan, Arvind and Torres, Cesar and Lim, Maxine and Ahmad, Salman and Klemmer, Scott R. and Talton, Jerry O.},
    pages = {3083},
    url = {http://dl.acm.org/citation.cfm?doid=2470654.2466420},
    isbn = {9781450318990},
    doi = {10.1145/2470654.2466420}
}

@article{Moreau2013b,
    title = {{Provenance: An Introduction to PROV}},
    year = {2013},
    journal = {Synthesis Lectures on the Semantic Web: Theory and Technology},
    author = {Moreau, Luc and Groth, Paul},
    number = {4},
    pages = {1--129},
    volume = {3},
    url = {http://www.morganclaypool.com/doi/abs/10.2200/S00528ED1V01Y201308WBE007},
    isbn = {9781627052214},
    doi = {10.2200/S00528ED1V01Y201308WBE007},
    issn = {2160-4711},
    arxivId = {arXiv:cond-mat/0104167},
    archivePrefix = {arXiv},
    eprint = {0104167},
    primaryClass = {cond-mat}
}

@article{Schreiber2008b,
    title = {{Semantic annotation and search of cultural-heritage collections: The MultimediaN E-Culture demonstrator}},
    year = {2008},
    journal = {Web Semantics},
    author = {Schreiber, Guus and Amin, Alia and Aroyo, Lora and van Assem, Mark and de Boer, Victor and Hardman, Lynda and Hildebrand, Michiel and Omelayenko, Borys and van Osenbruggen, Jacco and Tordai, Anna and Wielemaker, Jan and Wielinga, Bob},
    number = {4},
    pages = {243--249},
    volume = {6},
    doi = {10.1016/j.websem.2008.08.001},
    issn = {15708268},
    keywords = {Digital heritage, Semantic annotation, Semantic search, Virtual collections}
}

@article{Miller1995b,
    title = {{WordNet: a lexical database for English}},
    year = {1995},
    journal = {Communications of the ACM},
    author = {Miller, George A.},
    number = {11},
    pages = {39--41},
    volume = {38},
    url = {http://portal.acm.org/citation.cfm?doid=219717.219748},
    isbn = {1558602720},
    doi = {10.1145/219717.219748},
    issn = {00010782},
    pmid = {17081734}
}

@article{Odell1994b,
    title = {{Six different kinds of composition}},
    year = {1994},
    journal = {JOOP Journal of Object-Oriented Programming},
    author = {Odell, J J},
    number = {8},
    pages = {10--15},
    volume = {5},
    isbn = {0896-8438},
    doi = {10.1109/LPT.2009.2020494},
    issn = {1041-1135},
    pmid = {10575050},
    arxivId = {0521865719 9780521865715},
    keywords = {Object-oriented Design}
}

@article{Shoham2015b,
    title = {{Why knowledge representation matters}},
    year = {2015},
    journal = {Communications of the ACM},
    author = {Shoham, Yoav},
    number = {1},
    pages = {47--49},
    volume = {59},
    url = {http://dl.acm.org/ft_gateway.cfm?id=2803170&type=html},
    doi = {10.1145/2803170},
    issn = {00010782}
}

@article{Horrocks2003b,
    title = {{Ontologies and the Semantic Web}},
    year = {2003},
    author = {Horrocks, Ian}
}

@article{Heath2011b,
    title = {{Linked Data: Evolving the Web into a Global Data Space}},
    year = {2011},
    journal = {Synthesis Lectures on the Semantic Web: Theory and Technology},
    author = {Heath, Tom and Bizer, Christian},
    number = {1},
    pages = {1--136},
    volume = {1},
    url = {http://www.morganclaypool.com/doi/abs/10.2200/S00334ED1V01Y201102WBE001},
    isbn = {9781608454303},
    doi = {10.2200/S00334ED1V01Y201102WBE001},
    issn = {2160-4711},
    pmid = {25246403},
    arxivId = {arXiv:1011.1669v3}
}

@article{Haas2011b,
    title = {{Enhanced results for web search}},
    year = {2011},
    journal = {Proceedings of the 34th international ACM SIGIR conference on Research and development in Information - SIGIR '11},
    author = {Haas, Kevin and Mika, Peter and Tarjan, Paul and Blanco, Roi},
    pages = {725},
    url = {http://portal.acm.org/citation.cfm?doid=2009916.2010014},
    isbn = {9781450307574},
    doi = {10.1145/2009916.2010014},
    keywords = {search results, search results, semantic web, user interfaces, web, semantic web, user interfaces, web search}
}

@article{Guha2015b,
    title = {{Schema.org: Evolution of Structured Data on the Web}},
    year = {2015},
    journal = {Queue},
    author = {Guha, R. V. and Brickley, Dan and MacBeth, Steve},
    number = {9},
    pages = {10--37},
    volume = {13},
    url = {http://dl.acm.org/citation.cfm?doid=2857274.2857276},
    isbn = {9783830920397},
    doi = {10.1145/2857274.2857276},
    issn = {15427730}
}

@article{Gruber1995b,
    title = {{Toward principles for the design of ontologies used for knowledge sharing?}},
    year = {1995},
    journal = {International Journal of Human-Computer Studies},
    author = {Gruber, Thomas R.},
    number = {5-6},
    pages = {907--928},
    volume = {43},
    url = {http://linkinghub.elsevier.com/retrieve/pii/S1071581985710816},
    isbn = {10715819},
    doi = {10.1006/ijhc.1995.1081},
    issn = {10715819},
    pmid = {15648861},
    arxivId = {math/0701907v3},
    keywords = {knowledge interchange format, knowledge sharing, measurement theory, ontological commitment, ontology, ontology design}
}

@article{HarryJ.Gensler1954b,
    title = {{Introduction to Logic}},
    year = {1954},
    journal = {Philosophy and Phenomenological Research},
    author = {{Harry J. Gensler}},
    pages = {560},
    volume = {14},
    isbn = {0031-8205},
    doi = {10.2307/2272842},
    issn = {00224812},
    pmid = {3172880060},
    keywords = {Logic, Meaning, Pragmatics, Proposition, Sentence}
}

@misc{Classrooma,
    title = {{Robert j .}},
    author = {Classroom, T H E and Series, Strategies}
}

@book{Glushko2013a,
    title = {{The discipline of organizing}},
    year = {2013},
    booktitle = {Bulletin of the American Society for Information Science and Technology},
    author = {Glushko, Robert J.},
    number = {1},
    pages = {21--27},
    volume = {40},
    url = {http://doi.wiley.com/10.1002/bult.2013.1720400108},
    isbn = {9780262518505},
    doi = {10.1002/bult.2013.1720400108},
    issn = {00954403},
    pmid = {25246403},
    arxivId = {arXiv:1011.1669v3}
}

@article{Clancey1989a,
    title = {{The Knowledge Level Reinterpreted: Modelling How Systems Interact}},
    year = {1989},
    journal = {Machine Learning},
    author = {Clancey, William J},
    number = {3/4},
    pages = {285--291},
    volume = {4}
}

@article{Hein2010a,
    title = {{Identification and Bridging of Semantic Gaps in the Context of Multi-Domain Engineering}},
    year = {2010},
    journal = {Forum on Philosophy, Engineering {\&} Technology},
    author = {Hein, Andreas M.},
    pages = {57--58}
}

@article{Winston1987a,
    title = {{A taxonomy of part-whole relations}},
    year = {1987},
    journal = {Cognitive Science},
    author = {Winston, Morton E. and Chaffin, Roger and Herrmann, Douglas},
    number = {4},
    pages = {417--444},
    volume = {11},
    isbn = {0364-0213},
    doi = {10.1016/S0364-0213(87)80015-0},
    issn = {03640213}
}

@article{Ferreiros2001a,
    title = {{The Road to Modern Logic-An Interpretation}},
    year = {2001},
    journal = {The Bulletin of Symbolic Logic},
    author = {Ferreir{\'{o}}s, José},
    number = {4},
    pages = {441--484},
    volume = {7},
    url = {http://www.jstor.org/stable/2687794},
    isbn = {10798986},
    doi = {10.2307/2687794},
    issn = {10798986}
}

@book{NationalResearchCouncil2014a,
    title = {{Capturing change in science, technology, and innovation: Improving indicators to inform policy}},
    year = {2014},
    booktitle = {Information and Software Technology},
    author = {{National Research Council}},
    number = {4},
    pages = {274},
    volume = {51},
    url = {http://www.nap.edu/catalog/18606/capturing-change-in-science-technology-and-innovation-improving-indicators-to},
    isbn = {978-0-309-29744-8},
    doi = {10.17226/18606},
    issn = {09505849},
    arxivId = {arXiv:cond-mat/0402594v3},
    archivePrefix = {arXiv},
    eprint = {0402594v3},
    primaryClass = {cond-mat},
    keywords = {Back-annotation, Consistency, Domain-specific visual languages, Formal methods, Model transformation, Modelling environments}
}

@article{Aroyo2015a,
    title = {{Truth Is a Lie: Crowd Truth and the Seven Myths of Human Annotation}},
    year = {2015},
    journal = {AI Magazine},
    author = {Aroyo, Lora and Welty, Chris},
    number = {1},
    pages = {15--24},
    volume = {36},
    doi = {10.1609/aimag.v36i1.2564},
    issn = {07384602},
    keywords = {Spring 2015, Volume 36 Number 1}
}

@article{Versi1992a,
    title = {{"Gold standard" is an appropriate term.}},
    year = {1992},
    journal = {British Medical Journal},
    author = {Versi, E},
    number = {6846},
    pages = {187},
    volume = {305},
    isbn = {0959-8138 (Print){\textbackslash}r0959-535X (Linking)},
    doi = {10.1136/bmj.305.6846.187-b},
    issn = {0959-8138},
    pmid = {1515860}
}

@article{Law2005HumanComputation,
    title = {{Human Computation}},
    year = {2005},
    journal = {2008 Ieee 24th International Conference on Data Engineering, Vols 1-3},
    author = {Law, Edith and von Ahn, Luis and Ahn, Luis Von},
    number = {3},
    pages = {1--121},
    volume = {5},
    isbn = {9781608455164},
    doi = {10.2200/S00371ED1V01Y201107AIM013},
    issn = {1939-4608},
    keywords = {artificial intelligence, crowds, human computation}
}

@article{Kuhn2009AceWiki:Wiki,
    title = {{AceWiki: A natural and expressive semantic wiki}},
    year = {2009},
    journal = {CEUR Workshop Proceedings},
    author = {Kuhn, Tobias},
    volume = {543},
    issn = {16130073},
    arxivId = {0807.4618},
    keywords = {Attempto Controlled English (ACE), Controlled natural language, Experiment, Ontology, Semantic web, Semantic wiki, Usability test}
}

@article{Kuhn2013ALanguages,
    title = {{A Survey and Classification of Controlled Natural Languages}},
    year = {2013},
    journal = {Association for Computational Linguistics},
    author = {Kuhn, Tobias},
    number = {March 2013},
    url = {http://arxiv.org/abs/1604.07370},
    isbn = {9781608459858},
    doi = {10.1162/COLI},
    issn = {04194217},
    pmid = {22251136},
    arxivId = {1604.07370}
}