@article{Lam2008,
    title = {{A Framework of interaction costs in information visualization}},
    year = {2008},
    journal = {IEEE Transactions on Visualization and Computer Graphics},
    author = {Lam, Heidi},
    number = {6},
    pages = {1149--1156},
    volume = {14},
    isbn = {1077-2626},
    doi = {10.1109/TVCG.2008.109},
    issn = {10772626},
    pmid = {18988958},
    keywords = {Framework, Information visualization, Interaction, Interface evaluation}
}

@article{Thomas2005,
    title = {{Illuminating the path: The research and development agenda for visual analytics}},
    year = {2005},
    journal = {IEEE Computer Society},
    author = {Thomas, James J. and Cook, Kristin A.},
    pages = {184},
    url = {http://vis.pnnl.gov/pdf/RD_Agenda_VisualAnalytics.pdf},
    isbn = {0769523234},
    doi = {10.3389/fmicb.2011.00006},
    issn = {1664302X},
    pmid = {21747779},
    arxivId = {arXiv:1011.1669v3}
}

@article{Elmqvist2010,
    title = {{Hierarchical Aggregation for Information Visualization: Overview, Techniques, and Design Guidelines Hierarchical Aggregation for Information Visualization: Overview, Techniques and Design Guidelines}},
    year = {2010},
    journal = {IEEE Transactions on Visualization and Com-puter Graphics},
    author = {Elmqvist, Niklas and Fekete, Jean-Daniel},
    number = {3},
    pages = {439--454},
    volume = {16},
    url = {https://hal.inria.fr/hal-00696751/document},
    isbn = {2008090159},
    doi = {10.1109/TVCG.2009.84>},
    keywords = {Index Terms—Aggregation, clustering, clutter reduction, massive datasets, visual analytics, visual exploration}
}

@article{Yi2007,
    title = {{Toward a deeper understanding of the role of interaction in information visualization}},
    year = {2007},
    journal = {Transactions on Visualization and Computer Graphics},
    author = {Yi, JS and Kang, Y ah and Stasko, John and Jacko, Julie},
    number = {August},
    pages = {1224--1231},
    volume = {13},
    url = {http://ieeexplore.ieee.org/xpls/abs_all.jsp?arnumber=4376144}
}

@article{Kucher2014,
    title = {{Text Visualization Browser : A Visual Survey of Text Visualization Techniques}},
    year = {2014},
    journal = {InfoVis},
    author = {Kucher, Kostiantyn},
    number = {November 2014},
    keywords = {interaction, survey, text visualization, visualization, web-based systems}
}

@article{Kosara,
    title = {{Kosara2007{\_}Visualization Criticism - The Missing Link Between Information Visualization and Art}},
    author = {Kosara, Robert}
}

@article{Keim2008,
    title = {{Scope and Challenges of Visual Analytics}},
    year = {2008},
    journal = {IEEE Visualization Conference 2007},
    author = {Keim, Daniel and Thomas, Jim},
    number = {4404},
    pages = {1--58},
    volume = {4404},
    url = {http://www.mendeley.com/research/scope-challenges-visual-analytics/?utm_source=desktop&utm_medium=1.12.3-dev3&utm_campaign=open_catalog&userDocumentId=%7Bbca2e0b5-4d2a-48d2-8774-5743949c5e2a%7D},
    isbn = {3540710795},
    doi = {10.1007/978-3-540-71080-6{\_}6},
    issn = {03029743},
    pmid = {17681745}
}

@article{Dork2010,
    title = {{A Visual backchannel for large-scale events}},
    year = {2010},
    journal = {IEEE Transactions on Visualization and Computer Graphics},
    author = {D{\"{o}}rk, Marian and Gruen, Daniel and Williamson, Carey and Carpendale, Sheelagh},
    number = {6},
    pages = {1129--1138},
    volume = {16},
    isbn = {1077-2626 VO - 16},
    doi = {10.1109/TVCG.2010.129},
    issn = {10772626},
    pmid = {20975151},
    keywords = {World Wide Web, backchannel, events, information retrieval, information visualization, microblogging, multiple views}
}

@article{Worring2016,
    title = {{Multimedia Pivot Tables for Multimedia Analytics on Image Collections}},
    year = {2016},
    journal = {IEEE Transactions on Multimedia},
    author = {Worring, Marcel and Koelma, Dennis and Zahalka, Jan},
    number = {11},
    pages = {2217--2227},
    volume = {18},
    doi = {10.1109/TMM.2016.2614380},
    issn = {15209210},
    keywords = {Exploration, information visualization, insight, visual analytics}
}

@misc{Card1999,
    title = {{Readings in Information Visualization}},
    year = {1999},
    author = {Card, Stuart K. and Mackinlay, Jock D.},
    pages = {687},
    isbn = {1-55860-533-9}
}

@article{VanWijk2004,
    title = {{A model for smooth viewing and navigation of large 2D information spaces}},
    year = {2004},
    journal = {IEEE Transactions on Visualization and Computer Graphics},
    author = {Van Wijk, Jarke J. and Nuij, Wim A.A.},
    number = {4},
    pages = {447--458},
    volume = {10},
    isbn = {1077-2626 VO - 10},
    doi = {10.1109/TVCG.2004.1},
    issn = {10772626},
    pmid = {18579972},
    keywords = {Navigation, Panning, Scale space, Scrolling, Viewing, Zooming}
}

@article{Rooij2012,
    title = {{Efficient targeted search using a focus and context video browser}},
    year = {2012},
    journal = {ACM Transactions on Multimedia Computing, Communications, and Applications},
    author = {Rooij, Ork De and Worring, Marcel},
    number = {4},
    pages = {1--19},
    volume = {8},
    url = {http://dl.acm.org/citation.cfm?doid=2379790.2379793},
    doi = {10.1145/2379790.2379793},
    issn = {15516857}
}

@article{Bostock2011,
    title = {{D³ Data-Driven Documents}},
    year = {2011},
    journal = {IEEE Transactions on Visualization and Computer Graphics},
    author = {Bostock, M. and Ogievetsky, V. and Heer, J.},
    number = {12},
    pages = {2301--2309},
    volume = {17},
    url = {http://ieeexplore.ieee.org/document/6064996/},
    doi = {10.1109/TVCG.2011.185},
    issn = {1077-2626}
}

@article{Pike2009,
    title = {{The science of interaction}},
    year = {2009},
    journal = {Information Visualization},
    author = {Pike, William A. and Stasko, John and Chang, Remco and O'Connell, Theresa A.},
    number = {4},
    pages = {263--274},
    volume = {8},
    publisher = {Palgrave Macmillan},
    url = {http://dx.doi.org/10.1057/ivs.2009.22},
    isbn = {1473-8716},
    doi = {10.1057/ivs.2009.22},
    issn = {14738716},
    keywords = {Collaboration, Interaction theory, Reasoning, Visual analytics}
}

@article{Andrienko2010,
    title = {{Space, time and visual analytics}},
    year = {2010},
    journal = {International Journal of Geographical Information Science},
    author = {Andrienko, Gennady and Andrienko, Natalia and Demsar, Urska and Dransch, Doris and Dykes, Jason and Fabrikant, Sara Irina and Jern, Mikael and Kraak, Menno Jan and Schumann, Heidrun and Tominski, Christian},
    number = {10},
    pages = {1577--1600},
    volume = {24},
    isbn = {1365-8816},
    doi = {10.1080/13658816.2010.508043},
    issn = {13658816},
    keywords = {Geovisualisation, Research agenda, Spatio-temporal data, Users}
}

@article{Zahalka2015,
    title = {{Analytic Quality: Evaluation of Performance and Insight in Multimedia Collection Analysis}},
    year = {2015},
    journal = {Proceedings of the 23rd ACM international conference on Multimedia - MM '15},
    author = {Zah{\'{a}}lka, Jan and Rudinac, Stevan and Worring, Marcel},
    pages = {231--240},
    url = {http://dl.acm.org/citation.cfm?id=2733373.2806279},
    isbn = {9781450334594},
    doi = {10.1145/2733373.2806279},
    keywords = {evaluation, interactivity, multimedia search and exploration, user insight}
}

@article{Ellis2007,
    title = {{A taxonomy of clutter reduction for information visualisation}},
    year = {2007},
    journal = {IEEE Transactions on Visualization and Computer Graphics},
    author = {Ellis, Geoffrey and Dix, Alan},
    number = {6},
    pages = {1216--1223},
    volume = {13},
    isbn = {1077-2626},
    doi = {10.1109/TVCG.2007.70535},
    issn = {10772626},
    pmid = {17968067},
    keywords = {Clutter reduction, Information visualisation, Large datasets, Occlusion, Taxonomy}
}

@article{Shneiderman1996,
    title = {{The eyes have it: a task by data type taxonomy for information visualizations}},
    year = {1996},
    journal = {Proceedings 1996 IEEE Symposium on Visual Languages},
    author = {Shneiderman, B.},
    pages = {336--343},
    url = {http://ieeexplore.ieee.org/document/545307/},
    isbn = {0-8186-7508-X},
    doi = {10.1109/VL.1996.545307},
    issn = {1049-2615},
    pmid = {4986861},
    arxivId = {arXiv:1011.1669v3}
}

@article{Wang2016,
    title = {{TopicPanorama: A Full Picture of Relevant Topics}},
    year = {2016},
    journal = {IEEE Transactions on Visualization and Computer Graphics},
    author = {Wang, Xiting and Liu, Shixia and Liu, Junlin and Chen, Jianfei and Zhu, Jun and Guo, Baining},
    number = {12},
    pages = {2508--2521},
    volume = {22},
    isbn = {9781479962273},
    doi = {10.1109/TVCG.2016.2515592},
    issn = {10772626},
    keywords = {Topic graph, graph matching, graph visualization, level-of-detail, user interactions}
}

@article{Dou2012,
    title = {{LeadLine: Interactive Visual Analysis of Text Data through Event Identifcation and Exploration}},
    year = {2012},
    journal = {Proceedings of the 2012 IEEE Conference on Visual Analytics Science and Technology (VAST)},
    author = {Dou, Wenwen and Wang, Xiaoyu and Skau, D and Ribarsky, W and Zhou, M X},
    pages = {93--102},
    isbn = {978-1-4673-4752-5},
    doi = {10.1109/VAST.2012.6400485}
}

@article{Nishimura1999,
    title = {{Graphically speaking}},
    year = {1999},
    journal = {Science},
    author = {Nishimura, Darryl},
    number = {5405},
    pages = {1134},
    volume = {283},
    url = {http://search.proquest.com/docview/213567974?accountid=15533},
    isbn = {00368075},
    doi = {10.1109/MCG.2008.114},
    issn = {0272-1716},
    pmid = {24808297},
    keywords = {Graphic, Software, Technology: Comprehensive Works}
}

@article{Aigner2008,
    title = {{Visual Methods for Analyzing Data}},
    year = {2008},
    journal = {IEEE Transactions on Visualization and Computer Graphics},
    author = {Aigner, Wolfgang and Miksch, Silvia and Muller, Wolfgang and Schumann, Heidrun and Tominski, Christian},
    number = {1},
    pages = {47--60},
    volume = {14},
    doi = {10.1109/TVCG.2014.2346660}
}

@article{Ware2005,
    title = {{Visual Queries: The Foundation of Visual Thinking}},
    year = {2005},
    journal = {Knowledge Creation Diffusion Utilization},
    author = {Ware, Colin},
    number = {JANUARY 2005},
    pages = {27 - 35},
    volume = {3426},
    url = {http://www.springerlink.com/index/lqderhf18em4dpwr.pdf},
    isbn = {0302-9743},
    doi = {10.1007/11510154{\_}2},
    issn = {03029743},
    pmid = {3719235}
}

@article{Heritage2000,
    title = {{What is visualization?}},
    year = {2000},
    author = {Heritage, The American},
    number = {May}
}

@article{VanWijk2006,
    title = {{Views on Visualization}},
    year = {2006},
    journal = {IEEE Transactions on Visualization and Computer Graphics},
    author = {van Wijk, Jarke J.},
    number = {4},
    pages = {433--1000},
    volume = {12},
    isbn = {0780394623},
    doi = {10.1109/TVCG.2006.80},
    issn = {10772626},
    pmid = {16805253},
    keywords = {Visualization, challenges, evaluation, methodology, survey, validation}
}

@article{Mazza2004,
    title = {{Introduction to Information Visualisation}},
    year = {2004},
    journal = {SciencesNew York},
    author = {Mazza, Riccardo},
    number = {March},
    volume = {361},
    url = {http://www.in-two.com/aimr/resources/03_infovis_introduction.pdf},
    isbn = {9781848002180}
}

@article{VonLandesberger2011,
    title = {{Visual analysis of large graphs: State-of-the-art and future research challenges}},
    year = {2011},
    journal = {Eurographics Symposium on Geometry Processing},
    author = {von Landesberger, T. and Kuijper, A. and Schreck, T. and Kohlhammer, J. and van Wijk, J. J. and Fekete, J. D. and Fellner, D. W.},
    number = {6},
    pages = {1719--1749},
    volume = {30},
    isbn = {0167-7055},
    doi = {10.1111/j.1467-8659.2011.01898.x},
    issn = {17278384},
    keywords = {Graph interaction, Graph visualization, Visual analytics, Visual graph analysis}
}

@article{Hinton2008,
    title = {{Visualizing Data using t-SNE Visualizing Data using t-SNE}},
    year = {2008},
    journal = {Journal of Machine Learning Research},
    author = {Hinton, Geoffrey},
    number = {2579-2605},
    pages = {85},
    volume = {9},
    isbn = {1532-4435},
    doi = {10.1007/s10479-011-0841-3},
    issn = {02545330},
    pmid = {20652508},
    keywords = {dimensionality reduction, embedding algorithms, manifold learning, multidimensional scaling, visualization}
}

@article{Maaten2007,
    title = {{Dimensionality reduction: A comparative review}},
    year = {2007},
    journal = {Published online},
    author = {Maaten, LJP Van der and Postma, EO},
    number = {January},
    url = {http://www.mendeley.com/research/dimensionality-reduction-a-comparative-review/},
    keywords = {dimensionality-reduction, feature-selection, manifold-learning, reviews, sruveys}
}

@article{Heer2010,
    title = {{A Tour through the Visualization Zoo A survey of powerful visualization techniques , from the obvious to the obscure}},
    year = {2010},
    journal = {Communications of the ACM},
    author = {Heer, Jeffrey and Bostock, Michael and Ogievetsky, Vadim},
    number = {5},
    pages = {59--67},
    volume = {53},
    url = {http://cat.inist.fr/?aModele=afficheN&amp;cpsidt=22906879},
    isbn = {00010782},
    doi = {10.1145/1743546},
    issn = {00010782}
}

@article{Baldonado2000,
    title = {{Guidelines for using multiple views in information visualization}},
    year = {2000},
    journal = {AVI '00 Proceedings of the Working Conference on Advanced Visual Interfaces},
    author = {Baldonado, Michelle Q Wang and Woodfruss, Allison and Kuchinsky, Allan},
    pages = {110 - 119},
    url = {http://dl.acm.org/citation.cfm?id=345271},
    isbn = {1581132522},
    doi = {10.1145/345513.345271},
    keywords = {guidelines, information visualization, multiple views, usability heuristics, user interfaces}
}

@article{Nguyen2008,
    title = {{Interactive access to large image collections using similarity-based visualization}},
    year = {2008},
    journal = {Journal of Visual Languages and Computing},
    author = {Nguyen, G. P. and Worring, M.},
    number = {2},
    pages = {203--224},
    volume = {19},
    doi = {10.1016/j.jvlc.2006.09.002},
    issn = {1045926X},
    keywords = {Content-based image retrieval, Interaction, Similarity-based visualization}
}

@article{North2006,
    title = {{Toward measuring visualization insight}},
    year = {2006},
    author = {North, Chris},
    number = {3},
    pages = {20--23},
    volume = {26},
    isbn = {1541931203},
    doi = {10.1109/MCG.2006.70}
}

@article{Thapa2008,
    title = {{The science of interaction}},
    year = {2008},
    journal = {IEEE Transactions on Visualization and Computer Graphics},
    author = {Thapa, Devinder and S{\ae}b{\o}, Øystein and Gyan, Nana Baah and de Boer, Victor and Bon, Anna and van Aart, Chris and Akkermans, Hans and Boyera, Stephane and Froumentin, Max and Grewal, Aman and Allen, Mary and Ho, Melissa R and Smyth, Thomas N and Kam, Matthew and Dearden, Andy and Heritage, The American and Von Landesberger, T. and Kuijper, A. and Schreck, T. and Kohlhammer, J. and Van Wijk, Jarke J. and Fekete, J.-D. D. and Fellner, D. W. and Shneiderman, B. and Van Wijk, Jarke J. and Andrienko, Gennady and Andrienko, Natalia and Demsar, Urska and Dransch, Doris and Dykes, Jason and Fabrikant, Sara Irina and Kraak, Menno-jan and Schumann, Heidrun and Tomski, Christian and Sawyer, Ben and Van Wijk, Jarke J. and Nuij, Wim A A and Aigner, Wolfgang and Miksch, Silvia and Muller, Wolfgang and Schumann, Heidrun and Tominski, Christian and Baldonado, Michelle Q Wang and Woodfruss, Allison and Kuchinsky, Allan and Olislagers, Fred and Worring, Marcel and D??rk, Marian and Gruen, Daniel and Williamson, Carey and Carpendale, Sheelagh and Heer, Jeffrey and Bostock, Michael and Ogievetsky, Vadim and Elmqvist, Niklas and Fekete, J.-D. D. and Dou, Wenwen and Wang, Xiting Xiaoyu and Skau, Drew and Ribarsky, William and Zhou, Michelle X and {BOLSOOON} and {Michael} and Ogievetsky, Vadim and Heer, Jeffrey and Ellis, Geoffrey and Dix, Alan and Drury, Fritz and Segel, Edward and Heer, Jeffrey and Kosara, Robert and Kucher, Kostiantyn and Rooij, Ork De and Worring, Marcel and Liu, Shixia and Wang, Xiting Xiaoyu and Chen, Jianfei and Zhu, Jim and Guo, Baining and van der Maaten, L J P and Hinton, G E and Postma, E O and Van Den Herik, H J and Feinberg, Jonathan and North, Chris and Nguyen, G. P. and Worring, Marcel and Thomas, Jim James J. and Cook, Kristin A. and Zah{\'{a}}lka, Jan and Rudinac, Stevan and Worring, Marcel and Card, Stuart K. and Mackinlay, Jock D. and Keim, Daniel and Thomas, Jim James J. and {Ellen Gottesdiener} and Bon, Anna and Akkermans, Hans and Gordijn, Jaap and Gottesdiener, Ellen and Sadowsky, George and Duncombe, Richard and Greenberg, Alan and Jensen, Michael and Mack, Barbara J and Waddell, Cynthia and {IIBA} and Brennan, Kevin and Yi, J S and Kang, Y and Stasko, John T and Jacko, J A and Pike, William a and Stasko, John T and Chang, Remco and Connell, Theresa a O and Lam, Heidi and Ware, Colin},
    number = {6},
    pages = {1149--1156},
    volume = {16},
    url = {http://dx.doi.org/10.1057/ivs.2009.22%5Cnpapers2://publication/doi/10.1057/ivs.2009.22%5Cnhttps://bb.vu.nl/bbcswebdav/pid-2963165-dt-content-rid-6820010_2/courses/FEW_X_405101_2016_150/Gottesdiener-Requirements_Collaboration_Workshops-IEEE_Software-2003.p},
    isbn = {1077-2626},
    doi = {10.1109/TVCG.2014.2346660},
    issn = {10772626},
    pmid = {18988958},
    arxivId = {arXiv:1011.1669v3},
    keywords = {Clutter reduction, Content-based image retrieval, Coordinated and multiple views, Field studies, Framework, Graph interaction, Graph visualization, HCI4D, ICT4D, ICTs, Information visualisation, Information visualization, Interaction, Interface evaluation, Large datasets, Machine learning, Multidimensional browsing, Multidimensional data, Narrative visualization, Navigation, Occlusion, Panning, Scale space, Scrolling, Similarity-based visualization, Taxonomy, Viewing, Visual analytics, Visual graph analysis, Visual knowledge discovery, World Wide Web, Zooming, backchannel, capability approach, cartography, case study, challenges, collaboration, conceptual similarity, context, cross-cultural environments, da mds projection visualization, data and knowledge visualization, design methods, developing countries, developing regions, evaluation, events, feature extraction or construction, guidelines, information retrieval, information visualization, interaction, interaction theory, interactive search, interactivity, journalism, literature review, methodology, microblogging, multi-modality, multimedia search and exploration, multiple views, needs assessment, reasoning, semantic threads, services, social data analysis, storytelling, survey, sustainability, text visualization, usability heuristics, user insight, user interfaces, validation, visual analytics, visualization, voice-based interfaces, web access, web-based systems}
}

@article{Mauverney2012,
    title = {{THE IUCN RED LIST OF THREATENED SPECIES ™ The IUCN Red List of Threatened Species ™ is the world ’ s most comprehensive information source on the global conservation status of animal , fungi and plant species and their links to livelihoods . for biodivers}},
    year = {2015},
    author = {Mauverney, Iucn Rue and Loris, Pygmy Slow and Photography, Vulnerable and Haring, David}
}

@article{TrafficWWF,
    title = {{Captive Bred, or Wild Taken?}},
    year = {2012},
    journal = {TRAFFIC International, Cambridge, UK},
    author = {{TRAFFIC}}
}

@article{Nijman2015,
    title = {{Tokay Geckos in Indonesia}},
    year = {2015},
    author = {Nijman, Vincent and Shepherd, Chris R},
    number = {October},
    isbn = {9789833393459}
}

@techreport{Lo2015,
    title = {{The hard truth}},
    year = {2015},
    author = {Lo, Cheryl and Edwards, Gavin}
}

@article{Segel2010,
    title = {{Narrative visualization: Telling stories with data}},
    year = {2010},
    journal = {IEEE Transactions on Visualization and Computer Graphics},
    author = {Segel, Edward and Heer, Jeffrey},
    number = {6},
    pages = {1139--1148},
    volume = {16},
    isbn = {1077-2626},
    doi = {10.1109/TVCG.2010.179},
    issn = {10772626},
    pmid = {20975152},
    arxivId = {arXiv:1011.1669v3},
    keywords = {Narrative visualization, case study, design methods, journalism, social data analysis, storytelling}
}

@article{Drury2008VisualizationCriticism,
    title = {{Visualization Viewpoints Visualization Criticism}},
    year = {2008},
    author = {Drury, Fritz},
    pages = {13--15}
}

@article{Rahm2000DataApproaches,
    title = {{Data Cleaning: Problems and Current Approaches}},
    year = {2000},
    author = {Rahm, Erhard and Do, Hong Hai}
}

@book{Ware2008VisualDesign,
    title = {{Visual Thinking for Design}},
    year = {2008},
    author = {Ware, Colin},
    edition = {1},
    publisher = {Morgan Kaufmann},
    isbn = {978-0123708960}
}

@article{BertiniInvestigatingDiscovery,
    title = {{Investigating and Reflecting on the Integration of Automatic Data Analysis and Visualization in Knowledge Discovery}},
    author = {Bertini, Enrico and Lalanne, Denis}
}