@article{Bannon2005,
    title = {{Hybrid design creates innovative museum experiences}},
    year = {2005},
    journal = {Communications of the ACM},
    author = {Bannon, Liam and Benford, Steve and Bowers, John and Heath, Christian},
    number = {3},
    pages = {62},
    volume = {48},
    isbn = {0001-0782},
    doi = {10.1145/1047671.1047706},
    issn = {00010782},
    keywords = {john bowers, liam bannon, steve benford}
}

@article{Wakkary2009,
    title = {{Kurio: a museum guide for families}},
    year = {2009},
    journal = {Proceedings of the Third International Conference on Tangible and Embedded Interaction (TEI'09)},
    author = {Wakkary, Ron and Hatala, Marek and Muise, Kevin and Tanenbaum, Karen and Corness, Greg and Mohabbati, Bardia and Budd, Jim},
    number = {October 2015},
    pages = {215},
    url = {http://portal.acm.org/citation.cfm?doid=1517664.1517712},
    isbn = {9781605584935},
    doi = {10.1145/1517664.1517712},
    keywords = {families, group, group interaction, hybrid, learning, museums, social interaction, system, tangible user interface}
}

@article{Wang2007,
    title = {{A RFID {\&} handheld device-based museum guide system}},
    year = {2007},
    journal = {2007 2nd International Conference on Pervasive Computing and Applications, ICPCA'07},
    author = {Wang, Yafang and Yang, Chenglei and Liu, Shijun and Wang, Rui and Meng, Xiangxu},
    pages = {308--313},
    isbn = {1424409713},
    doi = {10.1109/ICPCA.2007.4365459},
    keywords = {Handheld device, Museum guide system, Non-photorealistic rendering, PDA, RFID}
}

@article{HsiSherryFiat2010,
    title = {{RFID Enhances Visitors' Museum Experience at the Exploratorium}},
    year = {2010},
    author = {Hsi, Sherry; Fiat, Holly},
    number = {9},
    pages = {60--65},
    volume = {48}
}

@article{Hsi2004,
    title = {{eXspot : A Wireless RFID Transceiver for Recording and Extending Museum Visits}},
    year = {2004},
    journal = {Proceedings of Ubi-Comp},
    author = {Hsi, Sherry and Semper, Rob},
    pages = {2--3},
    keywords = {a wireless rfid transceiver, extending museum visits, for recording and, pot, rob semper 1, sherry hsi 1}
}

@article{Hornecker2006,
    title = {{Learning from Interactive Museum Installations About Interaction Design for Public Settings}},
    year = {2006},
    journal = {Ozchi 2006},
    author = {Hornecker, Eva and Stifter, Matthias},
    pages = {135--142},
    isbn = {1595935452},
    doi = {10.1145/1228175.1228201},
    keywords = {Author Keywords installations, HCI), Miscellaneous, field study, interaction design, physical interfaces, public settings, user experience}
}

@article{Burgard1999,
    title = {{Experiences with an interactive museum tour-guide robot}},
    year = {1999},
    journal = {Artificial Intelligence},
    author = {Burgard, Wolfram and Cremers, Armin B and Fox, Dieter and H{\"{a}}hnel, Dirk and Lakemeyer, Gerhard and Schulz, Dirk and Steiner, Walter and Thrun, Sebastian},
    number = {1-2},
    pages = {3--55},
    volume = {114},
    isbn = {0-262-51098-7},
    doi = {10.1016/S0004-3702(99)00070-3},
    issn = {00043702},
    pmid = {115479},
    keywords = {0004-3702, 1999 elsevier science b, 99, all rights reserved, cmu, collision avoidance, corresponding author, cs, edu, email, entertainment, heaven, human robot interaction, learning, localization, logic, machine learning, mapping, mobile robotics, planning, probabilistic reasoning, see front matter, thrun, v}
}

@article{Huang2011,
    title = {{RFID-based guide gives museum visitors more freedom}},
    year = {2011},
    journal = {IT Professional},
    author = {Huang, Yo Ping and Wang, Shan Shan and Sandnes, Frode Eika},
    number = {2},
    pages = {25--29},
    volume = {13},
    isbn = {15209202},
    doi = {10.1109/MITP.2011.33},
    issn = {15209202},
    keywords = {RFID, data mining, handheld devices, information technology, museum guide system, recommendation mechanism}
}

@article{Geller2006,
    title = {{Interactive tabletop exhibits in museums and galleries}},
    year = {2006},
    journal = {IEEE Computer Graphics and Applications},
    author = {Geller, Tom},
    number = {5},
    pages = {6--11},
    volume = {26},
    isbn = {0272-1716},
    doi = {10.1109/MCG.2006.111},
    issn = {02721716},
    pmid = {16983882}
}

@article{Claisse2017,
    title = {{Containers of Stories: using co-design and digital augmentation to empower the museum community and create novel experiences of heritage at a house museum}},
    year = {2017},
    journal = {The Design Journal},
    author = {Claisse, Caroline and Ciolfi, Luigina and Petrelli, Daniela},
    number = {sup1},
    pages = {S2906-S2918},
    volume = {20},
    publisher = {Routledge},
    url = {https://www.tandfonline.com/doi/full/10.1080/14606925.2017.1352801},
    doi = {10.1080/14606925.2017.1352801},
    issn = {1460-6925},
    keywords = {Co-design, Community engagement, Design research, Heritage, Tangible interaction}
}

@article{Petrelli2017,
    title = {{Industry 4.0: Is It Time for Interaction Design Craftsmanship?}},
    year = {2017},
    journal = {The Design Journal},
    author = {Petrelli, Daniela},
    number = {sup1},
    pages = {S2735-S2745},
    volume = {20},
    publisher = {Routledge},
    url = {https://www.tandfonline.com/doi/full/10.1080/14606925.2017.1352785},
    doi = {10.1080/14606925.2017.1352785},
    issn = {1460-6925},
    keywords = {Cloud Computing, Interaction Design, Internet of Things, Museums, Personalisation}
}

@article{Petrelli2016a,
    title = {{“Mobiles for museum visit should be abolished ”: A comparison of smart replicas , smart cards , and phones}},
    year = {2016},
    author = {Petrelli, Daniela},
    pages = {1513--1519},
    isbn = {9781450344623}
}

@article{Petrelli2016,
    title = {{Voices from the War: Design As a Means of Understanding the Experience of Visiting Heritage}},
    year = {2016},
    journal = {Proceedings of the 2016 CHI Conference on Human Factors in Computing Systems},
    author = {Petrelli, Daniela and Dulake, Nick and Marshall, Mark T and Pisetti, Anna and Not, Elena},
    pages = {1033--1044},
    url = {http://doi.acm.org/10.1145/2858036.2858287},
    isbn = {978-1-4503-3362-7},
    doi = {10.1145/2858036.2858287},
    keywords = {cultural heritage, design research, tangible interaction}
}

@article{Marshall2016,
    title = {{Audio-based narratives for the trenches of World War I: Intertwining stories, places and interaction for an evocative experience}},
    year = {2016},
    journal = {International Journal of Human Computer Studies},
    author = {Marshall, Mark T. and Petrelli, Daniela and Dulake, Nick and Not, Elena and Marchesoni, Michele and Trenti, Elisa and Pisetti, Anna},
    pages = {27--39},
    volume = {85},
    publisher = {Elsevier},
    url = {http://dx.doi.org/10.1016/j.ijhcs.2015.08.001},
    isbn = {10715819},
    doi = {10.1016/j.ijhcs.2015.08.001},
    issn = {10959300},
    keywords = {Archaeological site, Co-design, Cultural heritage, Embodied and tangible interaction, Evocative experience, Experience-centre design, Sound and narrative design}
}

@article{Perez-Sanagustin2016,
    title = {{Using QR codes to increase user engagement in museum-like spaces}},
    year = {2016},
    journal = {Computers in Human Behavior},
    author = {P{\'{e}}rez-Sanagust{\'{i}}n, Mar and Parra, Denis and Verdugo, Renato and Garc{\'{i}}a-Galleguillos, Gonzalo and Nussbaum, Miguel},
    pages = {73--85},
    volume = {60},
    doi = {10.1016/j.chb.2016.02.012},
    issn = {07475632},
    keywords = {Design-based research, Engagement, Experimental design, Museum-like spaces, Quick Response (QR) codes}
}

@article{Doran2012,
    title = {{Creation of a game-based digital layer for increased museum engagement among digital natives}},
    year = {2012},
    journal = {2012 2nd International Workshop on Games and Software Engineering: Realizing User Engagement with Game Engineering Techniques, GAS 2012 - Proceedings},
    author = {Doran, Katelyn and Boyce, Acey and Hicks, Andrew and Payton, Jamie and Barnes, Tiffany},
    pages = {31--34},
    isbn = {9781467317689},
    doi = {10.1109/GAS.2012.6225924},
    keywords = {computer uses in education, design, interactive environments, reusable software}
}

@article{Kumpulainen2014,
    title = {{Towards children's creative museum engagement and collaborative sense-making}},
    year = {2014},
    journal = {Digital Creativity},
    author = {Kumpulainen, Kristiina and Karttunen, Marianna and Juurola, Leenu and Mikkola, Anna},
    number = {3},
    pages = {233--246},
    volume = {25},
    publisher = {Taylor {\&} Francis},
    url = {http://dx.doi.org/10.1080/14626268.2014.904370},
    doi = {10.1080/14626268.2014.904370},
    issn = {17443806},
    keywords = {boundary-crossing, children, collaborative sense-making, creative museum engagement, sociocultural resources}
}

@article{CommissariaatvoordeMedia2016,
    title = {{Jaarverslag 2016}},
    year = {2016},
    author = {{Commissariaat voor de Media}},
    pages = {1--39}
}

@article{CiolfiLearningSensitivities,
    title = {{Learning from Museum Visits: Shaping Design Sensitivities}},
    author = {Ciolfi, Luigina and Bannon, Liam J}
}

@techreport{VerzetsmuseumAmsterdam2017Ondernemingsplan2017-2020,
    title = {{Ondernemingsplan 2017-2020}},
    year = {2017},
    author = {{Verzetsmuseum Amsterdam}},
    address = {Amsterdam}
}

@article{Marshall2016UsingExhibition,
    title = {{Using Tangible Smart Replicas as Controls for an Interactive Museum Exhibition}},
    year = {2016},
    journal = {Tangible and Embodied Interactions (TEI)},
    author = {Marshall, Mark T and Dulake, Nick and Ciolfi, Luigina and Duranti, Daniele and Kockelkorn, Hub and Petrelli, Daniela and Haag, Den},
    number = {February},
    pages = {159--167},
    url = {http://shura.shu.ac.uk/11667/1/Replicas-CameraReady.pdf},
    isbn = {9781450335829},
    doi = {10.1145/2839462.2839493},
    keywords = {()}
}

@article{Benford2011CreatingSpectacle,
    title = {{Creating the spectacle}},
    year = {2011},
    journal = {ACM Transactions on Computer-Human Interaction},
    author = {Benford, Steve and Lindt, Irma and Crabtree, Andy and Flintham, Martin and Greenhalgh, Chris and Koleva, Boriana and Adams, Matt and Tandavanitj, Nick and Farr, Ju Row and Giannachi, Gabriella},
    number = {3},
    pages = {1--28},
    volume = {18},
    url = {http://dl.acm.org/citation.cfm?doid=1993060.1993061},
    isbn = {1073-0516},
    doi = {10.1145/1993060.1993061},
    issn = {10730516}
}

@article{Ciolfi2002DesigningArtefacts,
    title = {{Designing Interactive Museum Exhibits: Enhancing visitor curiosity through augmented artefacts}},
    year = {2002},
    journal = {ECCE11 - Eleventh European Conference on Cognitive Ergonomics, Catania (Italy)},
    author = {Ciolfi, Luigina and Bannon, Liam J.},
    url = {http://echo.iat.sfu.ca/library/ciolfi_museum_exhibits_augmented_artefacts.pdf},
    doi = {10.1.1.453.3071},
    keywords = {Museum technologies, design process, engagement, role of artefacts}
}

@article{Ciolfi2007SupportingDesign,
    title = {{Supporting affective experiences of place through interaction design}},
    year = {2007},
    journal = {CoDesign},
    author = {Ciolfi, L.},
    number = {sup1},
    pages = {183--198},
    volume = {3},
    url = {http://www.tandfonline.com/doi/abs/10.1080/15710880701309308},
    isbn = {1571-0882},
    doi = {10.1080/15710880701309308},
    issn = {1571-0882}
}

@article{Taylor2015MakingSettings,
    title = {{Making Magic: Designing for Open Interactions in Museum Settings}},
    year = {2015},
    journal = {Proceedings of the 2015 ACM SIGCHI Conference on Creativity and Cognition},
    author = {Taylor, Robyn and Bowers, John and Nissen, Bettina and Wood, Gavin and Chaudhry, Qasim and Wright, Peter and Bruce, Lindsey and Glynn, Sarah and Mallinson, Helen and Bearpark, Roy and Museums, Wear},
    pages = {313--322},
    isbn = {9781450335980},
    doi = {10.1145/2757226.2757241}
}

@article{Capurro2015TangibleApplications,
    title = {{Tangible interfaces for digital museum applications}},
    year = {2015},
    journal = {2015 Digital Heritage},
    author = {Capurro, Carlotta and Nollet, Dries and Pletinckx, Daniel},
    pages = {271--276},
    url = {http://ieeexplore.ieee.org/document/7413881/},
    isbn = {978-1-5090-0254-2},
    doi = {10.1109/DigitalHeritage.2015.7413881}
}

@article{Heath2002CraftingExperience,
    title = {{Crafting participation: Designing ecologies, configuring experience}},
    year = {2002},
    journal = {Visual Communication},
    author = {Heath, Christian and Luff, Paul and Lehn, Dirk Vom and Hindmarsh, Jon and Cleverly, Jason},
    number = {1},
    pages = {9--33},
    volume = {1},
    isbn = {1470-3572},
    doi = {10.1177/147035720200100102},
    issn = {14703572},
    keywords = {design, galleries and museums, social interaction}
}

@article{UKDesignCouncil2005AProcess,
    title = {{A Study of the Design Process}},
    year = {2005},
    journal = {Design Council},
    author = {{UK Design Council}},
    number = {0},
    pages = {1--144},
    volume = {44},
    isbn = {0142-694X},
    doi = {10.1080/15710880701875068},
    issn = {1571-0882},
    pmid = {30050091}
}